
  
  
  
  
  
  
 
  
  <record xsi:schemaLocation="http://www.loc.gov/MARC21/slim http://www.loc.gov/standards/marcxml/schema/MARC21slim.xsd">
      <leader>00000cam  2200529 a 4500</leader>
      <controlfield tag="FMT">BK</controlfield>
      <controlfield tag="LDR">00000cam  2200529 a 4500</controlfield>
      <controlfield tag="001">004144173</controlfield>
      <controlfield tag="003">OCoLC</controlfield>
      <controlfield tag="005">20150601115737.0</controlfield>
      <controlfield tag="008">150601s2013    ru aef   b    110 0 rus d</controlfield>
      <datafield tag="020" ind1=" " ind2=" ">
         <subfield code="a">9785935725228</subfield>
      </datafield>
      <datafield tag="020" ind1=" " ind2=" ">
         <subfield code="a">5935725223</subfield>
      </datafield>
      <datafield tag="035" ind1=" " ind2=" ">
         <subfield code="a">(OCoLC)874024889</subfield>
      </datafield>
      <datafield tag="040" ind1=" " ind2=" ">
         <subfield code="a">PAU</subfield>
         <subfield code="b">eng</subfield>
         <subfield code="c">PAU</subfield>
         <subfield code="d">OCLCA</subfield>
         <subfield code="d">OCLCF</subfield>
         <subfield code="d">OCLCO</subfield>
         <subfield code="d">NNU</subfield>
      </datafield>
      <datafield tag="041" ind1="0" ind2=" ">
         <subfield code="a">rus</subfield>
         <subfield code="a">eng</subfield>
         <subfield code="b">eng</subfield>
         <subfield code="b">rus</subfield>
         <subfield code="f">eng</subfield>
      </datafield>
      <datafield tag="043" ind1=" " ind2=" ">
         <subfield code="a">ac-----</subfield>
      </datafield>
      <datafield tag="050" ind1=" " ind2="4">
         <subfield code="a">DK855.5.S64</subfield>
         <subfield code="b">S64 2013</subfield>
      </datafield>
      <datafield tag="066" ind1=" " ind2=" ">
         <subfield code="c">(N</subfield>
      </datafield>
      <datafield tag="245" ind1="0" ind2="0">
         <subfield code="6">880-01</subfield>
         <subfield code="a">Sogdiĭt͡sy, ikh predshestvenniki, sovremenniki i nasledniki :</subfield>
         <subfield code="b">na osnove materialov konferent͡sii "Sogdiĭt͡sy doma i na chuzhbine", posvi͡ashchennoĭ pami͡ati Borisa Ilʹicha Marshaka (1933-2006) /</subfield>
         <subfield code="c">[otvetstvennye redaktory P.B. Lurʹe, A.I. Torgoev].</subfield>
      </datafield>
      <datafield tag="246" ind1="1" ind2="5">
         <subfield code="a">Sogdians, their precursors, contemporaries and heirs :</subfield>
         <subfield code="b">based on proceedings of conference "Sogdians at home and abroad" held in memory of Boris Il'ich Marshak (1933-2006)</subfield>
      </datafield>
      <datafield tag="260" ind1=" " ind2=" ">
         <subfield code="6">880-02</subfield>
         <subfield code="a">Sankt-Peterburg :</subfield>
         <subfield code="b">Izd-vo Gosudarstvennogo Ėrmitazha,</subfield>
         <subfield code="c">2013</subfield>
      </datafield>
      <datafield tag="300" ind1=" " ind2=" ">
         <subfield code="a">496 p., [32] p. of plates (some folded) :</subfield>
         <subfield code="b">ill. (some col) ;</subfield>
         <subfield code="c">26 cm.</subfield>
      </datafield>
      <datafield tag="490" ind1="1" ind2=" ">
         <subfield code="6">880-03</subfield>
         <subfield code="a">Trudy gosudarstvennogo Ėrmitazha ;</subfield>
         <subfield code="v">LXII</subfield>
      </datafield>
      <datafield tag="546" ind1=" " ind2=" ">
         <subfield code="a">Articles in Russian or English with summary in the other language; table of contents also in English.</subfield>
      </datafield>
      <datafield tag="504" ind1=" " ind2=" ">
         <subfield code="a">"Dopolnenii͡a k bibliografii B.I. Marshaka" (p. 10-[12]).</subfield>
      </datafield>
      <datafield tag="504" ind1=" " ind2=" ">
         <subfield code="a">Includes bibliographical references.</subfield>
      </datafield>
      <datafield tag="500" ind1=" " ind2=" ">
         <subfield code="a">"Nauchnoe izdanie"--Colophon.</subfield>
      </datafield>
      <datafield tag="505" ind1="0" ind2="0">
         <subfield code="t"/>
         <subfield code="t">Letter to the organizers of the conference /</subfield>
         <subfield code="r">Grabar, Oleg --</subfield>
         <subfield code="t">Additions to Boris Marshak’s bibliography --</subfield>
         <subfield code="t">Formative periods of the Sogdian culture /</subfield>
         <subfield code="r">Grenet, Frantz ;</subfield>
         <subfield code="r">Rapin, Claude --</subfield>
         <subfield code="t">Craftsmanship of ancient Khorezm in the early stages of the formation of the state /</subfield>
         <subfield code="r">Bolelov, Sergey B. --</subfield>
         <subfield code="t">Ivory rhytons from old Nisa : methodological remarks /</subfield>
         <subfield code="r">Pappalardo, Eleonora --</subfield>
         <subfield code="t">“Dark age” of old Nisa : late Parthian levels in Mihrdatkirt? /</subfield>
         <subfield code="r">Lippolis, Carlo --</subfield>
         <subfield code="t">Parthian jokers /</subfield>
         <subfield code="r">Livshits, Vladimir A. --</subfield>
         <subfield code="t">“Lord’s vihāra” at Kara-Tepe /</subfield>
         <subfield code="r">Sims-Williams, Nicholas --</subfield>
         <subfield code="t">Epigraphic artefacts from the site of Kultobe /</subfield>
         <subfield code="r">Podushkin, Alexander N. --</subfield>
         <subfield code="t">Religious structures of the temple complex in the settlement of Sidak (southern Kazakhstan) /</subfield>
         <subfield code="r">Lerner, Judith A. --</subfield>
         <subfield code="t">Boris Marshak and Panjikent painting (researcher’s method) /</subfield>
         <subfield code="r">Shkoda, Valentin G. --</subfield>
         <subfield code="t">Murals of the ceremonial hall of the sector XXI of ancient Panjikent /</subfield>
         <subfield code="r">Kulakova, Larisa Ju. --</subfield>
         <subfield code="t">Coronation and Nawruz : a note on the reconstruction of the missing king at Afrāsyāb /</subfield>
         <subfield code="r">Compareti, Matteo --</subfield>
         <subfield code="t">Early mediaeval “house of wine” on Afrasiab /</subfield>
         <subfield code="r">Akhmedov, Mukhammad K. --</subfield>
         <subfield code="t">Gunch carving in the Varakhsha palace décor : motifs, compositions and painting traditions /</subfield>
         <subfield code="r">Tsvetkova, Tatyana G. --</subfield>
         <subfield code="t">Heroes of the Shahnama in a Turfan Sogdian text : A Sogdian fragment found in the Lushun Otani collection /</subfield>
         <subfield code="r">Yoshida, Yutaka --</subfield>
         <subfield code="t">On the traces of Manichaeism in middle Asia /</subfield>
         <subfield code="r">Lurje, Pavel B. --</subfield>
         <subfield code="t">Paper temple : Mani’s Arzhang in and around Persian lexicography /</subfield>
         <subfield code="r">Pellò, Stefano --</subfield>
         <subfield code="t">Jenissean runic inscription with an Iranian loan-word /</subfield>
         <subfield code="r">Kyzlasov, Igor L. --</subfield>
         <subfield code="t">Golgotha and four heavenly rivers : a new Byzantine silver plate of the early 6th century in the collection of the State Hermitage /</subfield>
         <subfield code="r">Pyatnitsky, Yury A. --</subfield>
      </datafield>
      <datafield tag="505" ind1="8" ind2="0">
         <subfield code="t">Some additions to the interpretation of the subject of the Nestorian paten from the village Grigorovskoe /</subfield>
         <subfield code="r">Zalesskaya, Vera N. --</subfield>
         <subfield code="t">Talking about Sīmurġ and Tāq-i Bustān with Boris I. Marshak /</subfield>
         <subfield code="r">Cristoforetti, Simone ;</subfield>
         <subfield code="r">Scarcia, Gianroberto --</subfield>
         <subfield code="t">On the social and economic factors in the development of the glazed pottery of Transoxiana in the 9th-early 13th centuries /</subfield>
         <subfield code="r">Mirzaakhmedov, Djamal K. --</subfield>
         <subfield code="t">Belt decoration of Karakhanids (towards formulation of the problem) /</subfield>
         <subfield code="r">Torgoev, Asan I. --</subfield>
         <subfield code="t">Mysterious craftsman Muhammad-‘Ali Inoyaton /</subfield>
         <subfield code="r">Ivanov, Anatoliy A. --</subfield>
         <subfield code="t">Decorative gravestones of Khorezm and the golden horde /</subfield>
         <subfield code="r">Armarchuk, Ekaterina A. --</subfield>
         <subfield code="t">Some thoughts on the longevity of Sogdian iconography in the Muslim world /</subfield>
         <subfield code="r">Grube, Ernst J. --</subfield>
         <subfield code="t">Stephens’ Inju Shahnama manuscript : millennial thoughts and a tribute to the late Boris I. Marshak /</subfield>
         <subfield code="r">Sims, Eleanor --</subfield>
         <subfield code="t">Italian scientific mission in Tajikistan : the case of the Yagnob valley /</subfield>
         <subfield code="r">Panaino, Antonio --</subfield>
         <subfield code="t">Italian scientific mission in Tajikistan /</subfield>
         <subfield code="r">Ognibene, Paolo.</subfield>
      </datafield>
      <datafield tag="650" ind1=" " ind2="0">
         <subfield code="a">Sogdians</subfield>
         <subfield code="v">Congresses.</subfield>
      </datafield>
      <datafield tag="651" ind1=" " ind2="0">
         <subfield code="a">Asia, Central</subfield>
         <subfield code="x">Antiquities</subfield>
         <subfield code="v">Congresses.</subfield>
      </datafield>
      <datafield tag="600" ind1="1" ind2="7">
         <subfield code="a">Marshak, B. I.</subfield>
         <subfield code="q">(Boris Ilʹich),</subfield>
         <subfield code="d">1933-2006.</subfield>
         <subfield code="2">fast</subfield>
         <subfield code="0">(OCoLC)fst00201506</subfield>
      </datafield>
      <datafield tag="650" ind1=" " ind2="7">
         <subfield code="a">Antiquities.</subfield>
         <subfield code="2">fast</subfield>
         <subfield code="0">(OCoLC)fst00810745</subfield>
      </datafield>
      <datafield tag="650" ind1=" " ind2="7">
         <subfield code="a">Sogdians.</subfield>
         <subfield code="2">fast</subfield>
         <subfield code="0">(OCoLC)fst01124237</subfield>
      </datafield>
      <datafield tag="651" ind1=" " ind2="7">
         <subfield code="a">Asia, Central.</subfield>
         <subfield code="2">fast</subfield>
         <subfield code="0">(OCoLC)fst01240497</subfield>
      </datafield>
      <datafield tag="700" ind1="1" ind2=" ">
         <subfield code="a">Lurje, Pavel B.</subfield>
      </datafield>
      <datafield tag="700" ind1="1" ind2=" ">
         <subfield code="6">880-04</subfield>
         <subfield code="a">Torgoev, A. I.</subfield>
      </datafield>
      <datafield tag="700" ind1="1" ind2=" ">
         <subfield code="6">880-05</subfield>
         <subfield code="a">Marshak, B. I.</subfield>
         <subfield code="q">(Boris Ilʹich),</subfield>
         <subfield code="d">1933-2006,</subfield>
         <subfield code="e">honoree.</subfield>
      </datafield>
      <datafield tag="711" ind1="2" ind2=" ">
         <subfield code="6">880-06</subfield>
         <subfield code="a">Sogdiĭt͡sy doma i na chuzhbine</subfield>
         <subfield code="d">(2008 :</subfield>
         <subfield code="c">Saint Petersburg)</subfield>
      </datafield>
      <datafield tag="740" ind1="0" ind2=" ">
         <subfield code="a">Sogdians at home and abroad</subfield>
      </datafield>
      <datafield tag="880" ind1="0" ind2="0">
         <subfield code="6">245-01/</subfield>
         <subfield code="a">Согдийцы, их предшественники, современники и наследники :</subfield>
         <subfield code="b">на основе материалов конференции "Согдийцы дома и на чужбине", посвященной памяти Бориса Ильича Маршака (1933-2006) /</subfield>
         <subfield code="c">[ответственные редакторы П.Б. Лурье, А.И. Торгоев].</subfield>
      </datafield>
      <datafield tag="880" ind1=" " ind2=" ">
         <subfield code="6">260-02/</subfield>
         <subfield code="a">Санкт-Петербург :</subfield>
         <subfield code="b">Изд-во Государственного Эрмитажа,</subfield>
         <subfield code="c">2013</subfield>
      </datafield>
      <datafield tag="880" ind1="1" ind2=" ">
         <subfield code="6">490-03/</subfield>
         <subfield code="a">Труды государственного Эрмитажа ;</subfield>
         <subfield code="v">LXII</subfield>
      </datafield>
      <datafield tag="880" ind1="1" ind2=" ">
         <subfield code="6">700-04/</subfield>
         <subfield code="a">Торгоев, А. И.</subfield>
      </datafield>
      <datafield tag="880" ind1="1" ind2=" ">
         <subfield code="6">700-05/</subfield>
         <subfield code="a">Маршак, Б. И.</subfield>
         <subfield code="q">(Борис Ильич),</subfield>
         <subfield code="d">1933-2006,</subfield>
         <subfield code="e">honoree.</subfield>
      </datafield>
      <datafield tag="880" ind1="2" ind2=" ">
         <subfield code="6">711-06/</subfield>
         <subfield code="a">Согдийцы дома и на чужбине</subfield>
         <subfield code="d">(2008 :</subfield>
         <subfield code="c">Санкт-Петербург)</subfield>
      </datafield>
      <datafield tag="830" ind1=" " ind2="0">
         <subfield code="6">880-07</subfield>
         <subfield code="a">Trudy Gosudarstvennogo Ėrmitazha ;</subfield>
         <subfield code="v">62.</subfield>
      </datafield>
      <datafield tag="880" ind1=" " ind2="0">
         <subfield code="6">830-07/</subfield>
         <subfield code="a">Труды Государственного Эрмитажа ;</subfield>
         <subfield code="v">62.</subfield>
      </datafield>
      <datafield tag="994" ind1=" " ind2=" ">
         <subfield code="a">Z0</subfield>
         <subfield code="b">ZYU</subfield>
      </datafield>
      <datafield tag="OWN" ind1=" " ind2=" ">
         <subfield code="a">GENERAL</subfield>
      </datafield>
      <datafield tag="AVA" ind1=" " ind2=" ">
         <subfield code="a">NYU50</subfield>
         <subfield code="b">NISAW</subfield>
         <subfield code="c">Small Collection</subfield>
         <subfield code="d">DK855.5.S64 S64 2013</subfield>
         <subfield code="e">available</subfield>
         <subfield code="t">Available</subfield>
         <subfield code="f">1</subfield>
         <subfield code="g">0</subfield>
         <subfield code="h">N</subfield>
         <subfield code="i">0</subfield>
         <subfield code="j">SMALL</subfield>
         <subfield code="k">0</subfield>
      </datafield>
      <marc:datafield tag="852" ind1=" " ind2=" ">
         <marc:subfield code="b">Institute for the Study of the Ancient World, </marc:subfield>
         <marc:subfield code="c">Small Collection</marc:subfield>
         <marc:subfield code="e">15 East 84th St., </marc:subfield>
         <marc:subfield code="e">New York, NY  10028</marc:subfield>
      </marc:datafield>
   </record>