
  
  
  
  
  
  
  
 
  
  <record xsi:schemaLocation="http://www.loc.gov/MARC21/slim http://www.loc.gov/standards/marcxml/schema/MARC21slim.xsd">
      <leader>00000nam a22      i 4500</leader>
      <controlfield tag="FMT">BK</controlfield>
      <controlfield tag="LDR">00000nam a22      i 4500</controlfield>
      <controlfield tag="001">004144577</controlfield>
      <controlfield tag="005">20150602161104.0</controlfield>
      <controlfield tag="008">150602s2000    is ab    b    000 0 heb d</controlfield>
      <datafield tag="040" ind1=" " ind2=" ">
         <subfield code="a">NNU</subfield>
         <subfield code="b">eng</subfield>
         <subfield code="e">rda</subfield>
         <subfield code="c">NNU</subfield>
      </datafield>
      <datafield tag="050" ind1=" " ind2="4">
         <subfield code="a">DS112</subfield>
         <subfield code="b">.C64 2000</subfield>
      </datafield>
      <datafield tag="100" ind1="1" ind2=" ">
         <subfield code="a">Cogan, Mordechai‏,</subfield>
         <subfield code="e">author.</subfield>
      </datafield>
      <datafield tag="245" ind1="1" ind2="0">
         <subfield code="6">880-01</subfield>
         <subfield code="a">Lo levadad yishkon :</subfield>
         <subfield code="b">Yisraʼel u-shekhenaṿ be-yemai bayit riʼshon /</subfield>
         <subfield code="c">Mordekhai Kogan ; be-shituf Roni Magidov ṿi-Yehudah Kaplan.</subfield>
      </datafield>
      <datafield tag="264" ind1=" " ind2="1">
         <subfield code="6">880-02</subfield>
         <subfield code="a">Yerushalayim :</subfield>
         <subfield code="b">Ma'alot,</subfield>
         <subfield code="c">761, 2000.</subfield>
      </datafield>
      <datafield tag="300" ind1=" " ind2=" ">
         <subfield code="a">174 pages :</subfield>
         <subfield code="b">illustrations (some colored), maps ;</subfield>
         <subfield code="c">22 x 24 cm</subfield>
      </datafield>
      <datafield tag="336" ind1=" " ind2=" ">
         <subfield code="a">text</subfield>
         <subfield code="2">rdacontent</subfield>
      </datafield>
      <datafield tag="337" ind1=" " ind2=" ">
         <subfield code="a">unmediated</subfield>
         <subfield code="2">rdamedia</subfield>
      </datafield>
      <datafield tag="338" ind1=" " ind2=" ">
         <subfield code="a">volume</subfield>
         <subfield code="2">rdacarrier</subfield>
      </datafield>
      <datafield tag="490" ind1="1" ind2=" ">
         <subfield code="6">880-03</subfield>
         <subfield code="a">ʻAm ṿeʻolam - mifgashim ben trabut Yisraʼel ṿe-trabuyot ha-ʻamim ;</subfield>
         <subfield code="v">kerakh 1</subfield>
      </datafield>
      <datafield tag="500" ind1=" " ind2=" ">
         <subfield code="6">880-04</subfield>
         <subfield code="a">"Ha-Merkaz le-horaʼat madaʻe ha-yahadut, ha-Makhon le-madaʻe ha-Yahadut, ha-Faḳulṭah le-madaʻe ha-ruaḥ, ha-ʼUniversiṭah ha-ʻIvrit bi-Yerushalayim; Misrad ha-ḥinukh, ha-Minhal ha-pedagogi, ha-ʼAgaf le-tokhniyot limudim" -- title page</subfield>
      </datafield>
      <datafield tag="504" ind1=" " ind2=" ">
         <subfield code="a">Includes bibliography.</subfield>
      </datafield>
      <datafield tag="500" ind1=" " ind2=" ">
         <subfield code="a">ISAW copy is from the Library of Hayim and Miriam Tadmor.</subfield>
         <subfield code="5">NNU</subfield>
      </datafield>
      <datafield tag="500" ind1=" " ind2=" ">
         <subfield code="a">ISAW copy is inscribed by the author to Miriam and Hayim Tadmor.</subfield>
         <subfield code="5">NNU</subfield>
      </datafield>
      <datafield tag="650" ind1=" " ind2="0">
         <subfield code="a">Jews</subfield>
         <subfield code="x">Civilization</subfield>
         <subfield code="y">To 70 A.D.</subfield>
         <subfield code="x">Study and teaching (Secondary)</subfield>
      </datafield>
      <datafield tag="650" ind1=" " ind2="0">
         <subfield code="a">Jews</subfield>
         <subfield code="z">Israel</subfield>
         <subfield code="x">History</subfield>
         <subfield code="y">1200-953 B.C.</subfield>
         <subfield code="v">Textbooks.</subfield>
      </datafield>
      <datafield tag="650" ind1=" " ind2="0">
         <subfield code="a">Jews</subfield>
         <subfield code="x">History</subfield>
         <subfield code="y">1200-953 B.C.</subfield>
         <subfield code="x">Study and teaching (Secondary)</subfield>
         <subfield code="z">Israel.</subfield>
      </datafield>
      <datafield tag="650" ind1=" " ind2="0">
         <subfield code="a">Jews</subfield>
         <subfield code="z">Israel</subfield>
         <subfield code="x">History</subfield>
         <subfield code="y">953-586 B.C.</subfield>
         <subfield code="v">Textbooks.</subfield>
      </datafield>
      <datafield tag="650" ind1=" " ind2="0">
         <subfield code="a">Jews</subfield>
         <subfield code="x">History</subfield>
         <subfield code="y">953-586 B.C.</subfield>
         <subfield code="x">Study and teaching (Secondary)</subfield>
         <subfield code="z">Israel.</subfield>
      </datafield>
      <datafield tag="650" ind1=" " ind2="4">
         <subfield code="a">Middle Eastern literature, Ancient</subfield>
         <subfield code="x">Relation to the Bible.</subfield>
      </datafield>
      <datafield tag="700" ind1="1" ind2=" ">
         <subfield code="a">Megidov, Roni,</subfield>
         <subfield code="e">author.</subfield>
      </datafield>
      <datafield tag="700" ind1="1" ind2=" ">
         <subfield code="a">Kaplan, Jehuda</subfield>
         <subfield code="e">author.</subfield>
      </datafield>
      <datafield tag="796" ind1="1" ind2=" ">
         <subfield code="a">Tadmor, Hayim,</subfield>
         <subfield code="e">former owner.</subfield>
      </datafield>
      <datafield tag="796" ind1="1" ind2=" ">
         <subfield code="a">Tadmor, Miriam,</subfield>
         <subfield code="e">former owner.</subfield>
      </datafield>
      <datafield tag="797" ind1="2" ind2=" ">
         <subfield code="a">Tadmor Collection.</subfield>
      </datafield>
      <datafield tag="880" ind1="1" ind2="0">
         <subfield code="6">245-01/</subfield>
         <subfield code="a">לא לבדד ישכון :</subfield>
         <subfield code="b">ישראל ושכניו בימי בית ראשון /</subfield>
         <subfield code="c">מרדכי כוגן ; בשיתוף רוני מגידוב ויהודה קפלן.</subfield>
      </datafield>
      <datafield tag="880" ind1=" " ind2="1">
         <subfield code="6">264-02/</subfield>
         <subfield code="a">ירושלים :</subfield>
         <subfield code="b">מעלות,</subfield>
         <subfield code="c">תשס"א 2000.</subfield>
      </datafield>
      <datafield tag="880" ind1="0" ind2=" ">
         <subfield code="6">490-03/</subfield>
         <subfield code="a">עם ועולם - מפגשים בין תרבות ישראל ותרבויות העמים ;</subfield>
         <subfield code="v">כרך א</subfield>
      </datafield>
      <datafield tag="880" ind1=" " ind2=" ">
         <subfield code="6">500-04/</subfield>
         <subfield code="a">בשער גם: המרכז להוראת מדעי היהדות - המכון למדעי היהדות - הפקולטה למדעי הרוח - האוניברסיטה העברית בירושלים, משרד החינוך - המינהל הפדגוגי - האגף לתכניות לימודים.</subfield>
      </datafield>
      <datafield tag="830" ind1=" " ind2="1">
         <subfield code="a">ʻAm ṿeʻolam - mifgashim ben trabut Yisraʼel ṿe-trabuyot ha-ʻamim ;</subfield>
         <subfield code="v">kerakh 1</subfield>
      </datafield>
      <datafield tag="OWN" ind1=" " ind2=" ">
         <subfield code="a">GENERAL</subfield>
      </datafield>
      <datafield tag="AVA" ind1=" " ind2=" ">
         <subfield code="a">NYU50</subfield>
         <subfield code="b">NISAW</subfield>
         <subfield code="c">Small Collection</subfield>
         <subfield code="d">DS112 .C64 2000</subfield>
         <subfield code="e">available</subfield>
         <subfield code="t">Available</subfield>
         <subfield code="f">1</subfield>
         <subfield code="g">0</subfield>
         <subfield code="h">N</subfield>
         <subfield code="i">0</subfield>
         <subfield code="j">SMALL</subfield>
         <subfield code="k">0</subfield>
      </datafield>
      <marc:datafield tag="852" ind1=" " ind2=" ">
         <marc:subfield code="b">Institute for the Study of the Ancient World, </marc:subfield>
         <marc:subfield code="c">Small Collection</marc:subfield>
         <marc:subfield code="e">15 East 84th St., </marc:subfield>
         <marc:subfield code="e">New York, NY  10028</marc:subfield>
      </marc:datafield>
   </record>