
  
  
  
  
  
  
 
  
  <record xsi:schemaLocation="http://www.loc.gov/MARC21/slim http://www.loc.gov/standards/marcxml/schema/MARC21slim.xsd">
      <leader>00000cam a22      i 4500</leader>
      <controlfield tag="FMT">BK</controlfield>
      <controlfield tag="LDR">00000cam a22      i 4500</controlfield>
      <controlfield tag="001">004146499</controlfield>
      <controlfield tag="005">20150609115802.0</controlfield>
      <controlfield tag="008">150609m19509999is       b    000 0 heb</controlfield>
      <datafield tag="010" ind1=" " ind2=" ">
         <subfield code="a">   55048119</subfield>
      </datafield>
      <datafield tag="035" ind1=" " ind2=" ">
         <subfield code="a">(OCoLC)12601561</subfield>
         <subfield code="z">(OCoLC)19164355</subfield>
         <subfield code="z">(OCoLC)28428983</subfield>
      </datafield>
      <datafield tag="040" ind1=" " ind2=" ">
         <subfield code="a">DLC</subfield>
         <subfield code="b">eng</subfield>
         <subfield code="c">DVP</subfield>
         <subfield code="d">DVP</subfield>
         <subfield code="d">FGM</subfield>
         <subfield code="d">OCL</subfield>
         <subfield code="d">OCLCG</subfield>
         <subfield code="d">BOS</subfield>
         <subfield code="d">OCLCF</subfield>
         <subfield code="d">OCLCO</subfield>
         <subfield code="d">OCLCQ</subfield>
         <subfield code="d">OCLCO</subfield>
         <subfield code="d">OCL</subfield>
      </datafield>
      <datafield tag="050" ind1="0" ind2="4">
         <subfield code="a">D5.5</subfield>
         <subfield code="b">.M45 1950</subfield>
      </datafield>
      <datafield tag="245" ind1="0" ind2="0">
         <subfield code="6">880-01</subfield>
         <subfield code="a">Meḳorot le-limud ha-hisṭoryah :</subfield>
         <subfield code="b">ha-Yiśreʼelit ṿeha-kelalit /</subfield>
         <subfield code="c">meluḳaṭ, ʻarukh u-mevoʼar bi-yede M. Hendel ṿe-ʻA. Shoḥaṭ.</subfield>
      </datafield>
      <datafield tag="260" ind1=" " ind2=" ">
         <subfield code="6">880-02</subfield>
         <subfield code="a">Tel-Aviv :</subfield>
         <subfield code="b">Y. Tse̓tsi̕ḳ,</subfield>
         <subfield code="c">[1950 or 1951]-</subfield>
      </datafield>
      <datafield tag="300" ind1=" " ind2=" ">
         <subfield code="a">volumes ;</subfield>
         <subfield code="c">23 cm</subfield>
      </datafield>
      <datafield tag="336" ind1=" " ind2=" ">
         <subfield code="a">text</subfield>
         <subfield code="b">txt</subfield>
         <subfield code="2">rdacontent</subfield>
      </datafield>
      <datafield tag="337" ind1=" " ind2=" ">
         <subfield code="a">unmediated</subfield>
         <subfield code="b">n</subfield>
         <subfield code="2">rdamedia</subfield>
      </datafield>
      <datafield tag="338" ind1=" " ind2=" ">
         <subfield code="a">volume</subfield>
         <subfield code="b">nc</subfield>
         <subfield code="2">rdacarrier</subfield>
      </datafield>
      <datafield tag="505" ind1="1" ind2=" ">
         <subfield code="6">880-03</subfield>
         <subfield code="a">Kerekh 1. ha-Hisṭoryah ha-ʻatiḳah -- kerekh 2. Toldot ha-ʻamim mi-nefilat Romi ṿe-ʻad maḥatsit ha-meʼah ha-shemonah-ʻeśreh -- kerekh 3. Divre yeme Yiśraʼel me-ḥurban Bayit sheni ṿe-ʻad maḥatsit ha-meʼah ha-shemonah-ʻeśreh -- kerekh 4. Divre yeme Yiśraʼel ṿe-toldot ha-ʻamim mi-maḥatsit ha-meʼah ha-shemonah ʻeśreh ṿe-ʻad maḥatsit ha-meʼah ha-teshaʻ ʻeśreh -- kerekh 5. Divre yeme Yiśraʼel ṿe-toldot ha-ʻamim bi-shenot 1848-1914 -- kerekh 6. Divre yeme Yiśraʼel ṿe-toldot ha-ʻamim bi-shenot 11914-1948.</subfield>
      </datafield>
      <datafield tag="504" ind1=" " ind2=" ">
         <subfield code="a">Includes bibliographical references.</subfield>
      </datafield>
      <datafield tag="500" ind1=" " ind2=" ">
         <subfield code="a">ISAW copy is from the Library of Hayim and Miriam Tadmor.</subfield>
         <subfield code="5">NNU</subfield>
      </datafield>
      <datafield tag="650" ind1=" " ind2="0">
         <subfield code="a">History</subfield>
         <subfield code="v">Sources.</subfield>
      </datafield>
      <datafield tag="650" ind1=" " ind2="0">
         <subfield code="a">Jews</subfield>
         <subfield code="x">History</subfield>
         <subfield code="v">Sources.</subfield>
      </datafield>
      <datafield tag="700" ind1="1" ind2=" ">
         <subfield code="a">Hendel, Mikhaʼel,</subfield>
         <subfield code="d">1899-1965,</subfield>
         <subfield code="e">editor.</subfield>
      </datafield>
      <datafield tag="700" ind1="1" ind2=" ">
         <subfield code="a">Shoḥeṭ, ʻAzriʼel,</subfield>
         <subfield code="e">editor.</subfield>
      </datafield>
      <datafield tag="796" ind1="1" ind2=" ">
         <subfield code="a">Tadmor, Hayim,</subfield>
         <subfield code="e">former owner.</subfield>
      </datafield>
      <datafield tag="796" ind1="1" ind2=" ">
         <subfield code="a">Tadmor, Miriam,</subfield>
         <subfield code="e">former owner.</subfield>
      </datafield>
      <datafield tag="797" ind1="2" ind2=" ">
         <subfield code="a">Tadmor Collection.</subfield>
      </datafield>
      <datafield tag="880" ind1="0" ind2="0">
         <subfield code="6">245-01/</subfield>
         <subfield code="a">מקורות ללמוד ההסטוריה :</subfield>
         <subfield code="b">הישראלית והכללית /</subfield>
         <subfield code="c">מלוקט ערוך ומבואר בידי מ. הנדל וע. שוחט.</subfield>
      </datafield>
      <datafield tag="880" ind1=" " ind2=" ">
         <subfield code="6">260-02/</subfield>
         <subfield code="a">תל אביב :</subfield>
         <subfield code="b">י. צ׳צ׳יק,</subfield>
         <subfield code="c">[1950 or 1951-]</subfield>
      </datafield>
      <datafield tag="880" ind1="0" ind2=" ">
         <subfield code="6">505-03/</subfield>
         <subfield code="a">כרך א. ההסטוריה העתיקה ־־ כרך ב. תולדות העמים מנפילת רומא ועד מחצית המאה ה־18 ־־ כרך ג. דברי ימי ישראל מחורבן בית שני ועד מחצית המאה ה־18 ־־ כרך ד. דברי ימי ישראל ותולדות העתים ממחצית המאה ה־18 ועד מחצית המאה ה־19 ־־ כרך ה. דברי ימי ישראל ותולדות העמים בשנת 1914־1848 ־־ כרך ו. דברי ימי ישראל ותולדות העמים בשנת 1948־1914.</subfield>
      </datafield>
      <datafield tag="OWN" ind1=" " ind2=" ">
         <subfield code="a">GENERAL</subfield>
      </datafield>
      <datafield tag="AVA" ind1=" " ind2=" ">
         <subfield code="a">NYU50</subfield>
         <subfield code="b">NISAW</subfield>
         <subfield code="c">Small Collection</subfield>
         <subfield code="d">D5.5 .M45 1950</subfield>
         <subfield code="e">available</subfield>
         <subfield code="t">Available</subfield>
         <subfield code="f">1</subfield>
         <subfield code="g">0</subfield>
         <subfield code="h">Y</subfield>
         <subfield code="i">0</subfield>
         <subfield code="j">SMALL</subfield>
         <subfield code="k">0</subfield>
      </datafield>
      <marc:datafield tag="852" ind1=" " ind2=" ">
         <marc:subfield code="b">Institute for the Study of the Ancient World, </marc:subfield>
         <marc:subfield code="c">Small Collection</marc:subfield>
         <marc:subfield code="e">15 East 84th St., </marc:subfield>
         <marc:subfield code="e">New York, NY  10028</marc:subfield>
      </marc:datafield>
   </record>