
  
  
  
  
  
 
  
  <record xsi:schemaLocation="http://www.loc.gov/MARC21/slim http://www.loc.gov/standards/marcxml/schema/MARC21slim.xsd">
      <leader>00000cam  2200565 i 4500</leader>
      <controlfield tag="FMT">BK</controlfield>
      <controlfield tag="LDR">00000cam  2200565 i 4500</controlfield>
      <controlfield tag="001">004146506</controlfield>
      <controlfield tag="003">OCoLC</controlfield>
      <controlfield tag="005">20150609121542.0</controlfield>
      <controlfield tag="008">150609t20142014gw a     b    101 0 eng c</controlfield>
      <datafield tag="016" ind1="7" ind2=" ">
         <subfield code="a">016901174</subfield>
         <subfield code="2">Uk</subfield>
      </datafield>
      <datafield tag="020" ind1=" " ind2=" ">
         <subfield code="a">9783868350753</subfield>
         <subfield code="q">(cl.)</subfield>
      </datafield>
      <datafield tag="020" ind1=" " ind2=" ">
         <subfield code="a">3868350756</subfield>
         <subfield code="q">(cl.)</subfield>
      </datafield>
      <datafield tag="035" ind1=" " ind2=" ">
         <subfield code="a">(OCoLC)891032272</subfield>
         <subfield code="z">(OCoLC)894470013</subfield>
      </datafield>
      <datafield tag="040" ind1=" " ind2=" ">
         <subfield code="a">OHX</subfield>
         <subfield code="b">eng</subfield>
         <subfield code="e">rda</subfield>
         <subfield code="c">OHX</subfield>
         <subfield code="d">OCLCO</subfield>
         <subfield code="d">DCU</subfield>
         <subfield code="d">OCLCO</subfield>
         <subfield code="d">NDD</subfield>
         <subfield code="d">YDXCP</subfield>
         <subfield code="d">OCLCQ</subfield>
         <subfield code="d">UKMGB</subfield>
         <subfield code="d">JHE</subfield>
         <subfield code="d">OCLCQ</subfield>
         <subfield code="d">OCLCO</subfield>
         <subfield code="d">COO</subfield>
         <subfield code="d">OCLCF</subfield>
         <subfield code="d">OSU</subfield>
         <subfield code="d">NNU</subfield>
      </datafield>
      <datafield tag="041" ind1="0" ind2=" ">
         <subfield code="a">eng</subfield>
         <subfield code="a">ger</subfield>
         <subfield code="a">fre</subfield>
         <subfield code="a">ita</subfield>
      </datafield>
      <datafield tag="042" ind1=" " ind2=" ">
         <subfield code="a">pcc</subfield>
      </datafield>
      <datafield tag="043" ind1=" " ind2=" ">
         <subfield code="a">aw-----</subfield>
      </datafield>
      <datafield tag="050" ind1=" " ind2="4">
         <subfield code="a">DS56</subfield>
         <subfield code="b">.R46 2006</subfield>
      </datafield>
      <datafield tag="050" ind1=" " ind2="4">
         <subfield code="a">DS42.4</subfield>
         <subfield code="b">.A46 v.401</subfield>
      </datafield>
      <datafield tag="072" ind1=" " ind2="7">
         <subfield code="a">DS</subfield>
         <subfield code="2">lcco</subfield>
      </datafield>
      <datafield tag="082" ind1="0" ind2="4">
         <subfield code="a">935</subfield>
         <subfield code="2">23</subfield>
      </datafield>
      <datafield tag="111" ind1="2" ind2=" ">
         <subfield code="a">Rencontre assyriologique internationale</subfield>
         <subfield code="n">(52nd :</subfield>
         <subfield code="d">2006 :</subfield>
         <subfield code="c">Münster in Westfalen, Germany)</subfield>
      </datafield>
      <datafield tag="245" ind1="1" ind2="0">
         <subfield code="a">Krieg und Frieden im Alten Vorderasien :</subfield>
         <subfield code="b">52e Rencontre Assyriologique Internationale, International Congress of Assyriology and Near Eastern Archaeology, Münster, 17.-21. Juli 2006 /</subfield>
         <subfield code="c">herausgegeben von Hans Neumann [and four others].</subfield>
      </datafield>
      <datafield tag="264" ind1=" " ind2="1">
         <subfield code="a">Münster :</subfield>
         <subfield code="b">Ugarit-Verlag,</subfield>
         <subfield code="c">2014.</subfield>
      </datafield>
      <datafield tag="264" ind1=" " ind2="4">
         <subfield code="c">©2014</subfield>
      </datafield>
      <datafield tag="300" ind1=" " ind2=" ">
         <subfield code="a">xii, 947 pages :</subfield>
         <subfield code="b">illustrations ;</subfield>
         <subfield code="c">25 cm.</subfield>
      </datafield>
      <datafield tag="336" ind1=" " ind2=" ">
         <subfield code="a">text</subfield>
         <subfield code="b">txt</subfield>
         <subfield code="2">rdacontent</subfield>
      </datafield>
      <datafield tag="337" ind1=" " ind2=" ">
         <subfield code="a">unmediated</subfield>
         <subfield code="b">n</subfield>
         <subfield code="2">rdamedia</subfield>
      </datafield>
      <datafield tag="338" ind1=" " ind2=" ">
         <subfield code="a">volume</subfield>
         <subfield code="b">nc</subfield>
         <subfield code="2">rdacarrier</subfield>
      </datafield>
      <datafield tag="490" ind1="1" ind2=" ">
         <subfield code="a">Alter Orient und Altes Testament ;</subfield>
         <subfield code="v">Band 401</subfield>
      </datafield>
      <datafield tag="546" ind1=" " ind2=" ">
         <subfield code="a">In English, with eighteen German, five French and one Italian contributions.</subfield>
      </datafield>
      <datafield tag="504" ind1=" " ind2=" ">
         <subfield code="a">Includes bibliographical references and indexes.</subfield>
      </datafield>
      <datafield tag="505" ind1="0" ind2="0">
         <subfield code="t">Assyrian Wars and Ceramic Production : The Tell Barri Late Bronze/Iron Age Sequence : An Attempt of Historical Reading /</subfield>
         <subfield code="r">D’Agostino, Anacleto --</subfield>
         <subfield code="t">Who led the Army of Ebla? Administrative Documents vs. Commemorative Texts /</subfield>
         <subfield code="r">Archi, Alfonso --</subfield>
         <subfield code="t">Insinuations of Peace in Literature, the Standard of Ur, and the Stele of Vultures /</subfield>
         <subfield code="r">Asher-Greve, Julai M. --</subfield>
         <subfield code="t">Third Millennium Temple : War and Peace in History and Religion /</subfield>
         <subfield code="r">Averbeck, Richard E. --</subfield>
         <subfield code="t">Notes sur les machines de siège néo-assyriennes /</subfield>
         <subfield code="r">Backer, Fabrice de --</subfield>
         <subfield code="t">Babylonian City Walls in a Historical and Cross-Cultural Perspective /</subfield>
         <subfield code="r">Baker, Heather D. --</subfield>
         <subfield code="t">Auguren und das hethitische Heer /</subfield>
         <subfield code="r">Bawanypeck, Daliah --</subfield>
         <subfield code="t">Hittite Reluctance to Go to War /</subfield>
         <subfield code="r">Beal, Richard H. --</subfield>
         <subfield code="t">Hittites Make Peace /</subfield>
         <subfield code="r">Beckman, Gary --</subfield>
         <subfield code="t">“Widow’s Tablet” for the Wife of an Assyrian War Prisoner and the Rabbinic “Divorce Letter” of the Hebrew Warriors /</subfield>
         <subfield code="r">Bodi, Daniel --</subfield>
         <subfield code="t">Deux bateaux du roi Zimri-Lim, le transport des troupes et la symbolique du pouvoir selon une vision onirique /</subfield>
         <subfield code="r">Bonneterre, Daniel --</subfield>
         <subfield code="t">Reich von Ugarit vor und nach dem Seevölkersturm : Neue Forschungen im antiken Gib’ala /</subfield>
         <subfield code="r">Bretschneider, Joachim ;</subfield>
         <subfield code="r">Lerberghe, Karel van --</subfield>
         <subfield code="t">Peace and War : A Ritual Question /</subfield>
         <subfield code="r">Capomacchia, Anna Maria G. ;</subfield>
         <subfield code="r">Rivaroli, Marta --</subfield>
         <subfield code="t">Guerre et paix dans le monde amorrite et post-amorrite /</subfield>
         <subfield code="r">Charpin, Dominique --</subfield>
         <subfield code="t">Primeval Statesmen : Winnie the Pooh at Archaic Ur /</subfield>
         <subfield code="r">Charvát, Petr --</subfield>
         <subfield code="t">Neo-Assyrian Military Intelligence /</subfield>
         <subfield code="r">Dezső, Tamás --</subfield>
         <subfield code="t">Beyond Defeat : The Psychological Annihilation of the Vanquished in Pre-Classical Near Eastern Visual Communication /</subfield>
         <subfield code="r">Dolce, Rita --</subfield>
         <subfield code="t">Babylonische Gelehrte am neuassyrischen Hof : zwischen Anpassung und Individualität /</subfield>
         <subfield code="r">Fincke, Jeanette C. --</subfield>
      </datafield>
      <datafield tag="505" ind1="8" ind2="0">
         <subfield code="t">Überlegungen zur kulturgeschichtlichen und chronologischen Einordnung der Stelen von Hakkâri unter besonderer Berücksichtigung der Waffen /</subfield>
         <subfield code="r">Franke, Kristina A. ;</subfield>
         <subfield code="r">Piler, Christian K. --</subfield>
         <subfield code="t">Zorn Marduks, Erras und Sanheribs : Zu Datierung und Funktion von “Erra und Išum” /</subfield>
         <subfield code="r">Franke, Sabina --</subfield>
         <subfield code="t">Sargon II. und die Eroberung der Welt /</subfield>
         <subfield code="r">Galter, Hannes D. --</subfield>
         <subfield code="t">Women, Work and War. A Proposal to Analyze Their Relationship During the Neo-Sumerian Period /</subfield>
         <subfield code="r">Garcia-Ventura, Agnès --</subfield>
         <subfield code="t">Economy of Warfare in Southern Iraq at the End of the Third Millennium BC /</subfield>
         <subfield code="r">Garfinkle, Steven J. --</subfield>
         <subfield code="t">Fremde in hethitischen Festritualtexten /</subfield>
         <subfield code="r">Görke, Susanne --</subfield>
         <subfield code="t">Sumerian Spoils of War During Ur III /</subfield>
         <subfield code="r">Hebenstreit, Laurent --</subfield>
         <subfield code="t">Krieg und Frieden in den Apodosen von Omen-Texten /</subfield>
         <subfield code="r">Heesel, Nils P. --</subfield>
         <subfield code="t">Kriegsentscheidung durch göttliche Gunst : Zur Bewertung von DBi §§ 72 und 75 /</subfield>
         <subfield code="r">Jacobs, Bruno --</subfield>
         <subfield code="t">Glyptic of Tell Beydar : An Impression of the Sealing Evidence for an Early Dynastic Official Household /</subfield>
         <subfield code="r">Jans, Greta ;</subfield>
         <subfield code="r">Bretschneider, Joachim --</subfield>
         <subfield code="t">Automatic Tool for Semantic Analysis of Neo-Sumerian Documents /</subfield>
         <subfield code="r">Jaworski, Wojciech --</subfield>
         <subfield code="t">Zu Waffen und Ausrüstung babylonischer Soldaten in der zweiten Hälfte des 1. Jt. v. Chr. /</subfield>
         <subfield code="r">Kleber, Kristin --</subfield>
         <subfield code="t">Period of Peace and Prosperity in Gilead : Tell Johfiyeh and its Surrounding During the (Late) Iron Age : A Report on the 2002-2004 Seasons /</subfield>
         <subfield code="r">Lamprichs, Roland --</subfield>
         <subfield code="t">Einige Beobachtungen zur sumerisch-akkadischen Überlieferung der Fluterzählung(en) /</subfield>
         <subfield code="r">Lang, Martin --</subfield>
      </datafield>
      <datafield tag="505" ind1="8" ind2="0">
         <subfield code="t">Termingeschäfte in unsicheren Zeiten /</subfield>
         <subfield code="r">Lorenz, Jürgen --</subfield>
         <subfield code="t">Reign of Šulgi : Investigation of a King Above Suspicion /</subfield>
         <subfield code="r">Di Ludovico, Alessandro --</subfield>
         <subfield code="t">Baugeschichte des Alten Palastes von Assur /</subfield>
         <subfield code="r">Lundström, Steven --</subfield>
         <subfield code="t">Mathland Mirror : On Using Mathematical Texts as Reflections of Everyday Life /</subfield>
         <subfield code="r">Melville, Duncan J. --</subfield>
         <subfield code="t">Win, Lose, or Draw? Claiming Victory in Battle /</subfield>
         <subfield code="r">Melville, Sarah C. --</subfield>
         <subfield code="t">Kriege im Neolithikum Vorderasiens? /</subfield>
         <subfield code="r">Müller-Neuhof, Bernd --</subfield>
         <subfield code="t">Experts at War : Masters Behind the Ranks of the Assyrian Army /</subfield>
         <subfield code="r">Nadali, Davide ;</subfield>
         <subfield code="r">Verderame, Lorenzo --</subfield>
         <subfield code="t">Rôle des insignes votifs et des insignes de pouvoir néo-assyriens : Un parallèle étonnant entre les deux catégories de masses d’armes /</subfield>
         <subfield code="r">Niederreiter, Zoltán --</subfield>
         <subfield code="t">Battle of Bel Against Omorka /</subfield>
         <subfield code="r">Oshima, Takayoshi --</subfield>
         <subfield code="t">Federn für Pfeile /</subfield>
         <subfield code="r">von der Osten-Sacken, Elisabeth --</subfield>
         <subfield code="t">Attività italiana in ambito archeologico relativa all’Iraq, 2004-2005 /</subfield>
         <subfield code="r">Pettinato, Giovanni ;</subfield>
         <subfield code="r">Chiodi, Silvia M. --</subfield>
         <subfield code="t">Royal Administration During the Conquest : New Archaeological and Epigraphic Discoveries in the Royal Palace G at Ebla - Tell Mardikh /</subfield>
         <subfield code="r">Ramazzotti, Marco --</subfield>
         <subfield code="t">Casus belli in the Mari Archives /</subfield>
         <subfield code="r">Krieger und Bauern : RU-lugal und aga3/aga-us2 im Militär des altsumerischen Lagaš /</subfield>
         <subfield code="r">Schrakamp, Ingo --</subfield>
         <subfield code="t">kallāpu : A New Proposal for a Neo-Assyrian Military Term /</subfield>
         <subfield code="r">Scurlock, JoAnn --</subfield>
         <subfield code="t">Peace After War : Ḫammurapi in Larsa /</subfield>
         <subfield code="r">Simonetti, Cristina --</subfield>
         <subfield code="t">Changements d’application des sceaux dédicatoires dans les archives d’Umma /</subfield>
         <subfield code="r">Stępień, Marek --</subfield>
         <subfield code="t">Öle, Fette und Bitumen nach den Keilschrifttexten der 1. Hälfte des 2. Jt. v. Chr. /</subfield>
         <subfield code="r">Sturm, Thomas Friedrich --</subfield>
      </datafield>
      <datafield tag="505" ind1="8" ind2="0">
         <subfield code="t">Weapon of Ninurta mi-tum and ĝišmittu (lugal-e): Akkadian miṭṭu(m) and its Semitic Parallels : Aspects of etymology and poetics /</subfield>
         <subfield code="r">Sviatopolk-Czetvertynski, Igor A. --</subfield>
         <subfield code="t">Ritual Destruction of the Palace of Mari by Hammurapi under the Light of the Cult of the Ancestors’ Seat in Mesopotamian Houses and Palaces /</subfield>
         <subfield code="r">Tricoli, Sara --</subfield>
         <subfield code="t">Old Assyrian Traders in War and Peace /</subfield>
         <subfield code="r">Veenhof, Klaas R. --</subfield>
         <subfield code="t">Development of the “Kastenmauern” Building Technique in Anatolia in the First Half of the II Millennium B.C. /</subfield>
         <subfield code="r">De Vincenzi, Tommaso --</subfield>
         <subfield code="t">“War and Peace” in the Origins of the Arameans /</subfield>
         <subfield code="r">Younger, K. Lawson, Jr. --</subfield>
         <subfield code="t">Nabonidus and Sippar /</subfield>
         <subfield code="r">Zawadzki, Stefan --</subfield>
         <subfield code="t">Kriege und ihre Folgen : Frauenschicksale anhand der Archive aus Mari /</subfield>
         <subfield code="r">Ziegler, Nele --</subfield>
         <subfield code="t">Competition Between the Enclitics -/’a/ and -/e/ in Sumerian /</subfield>
         <subfield code="r">Zólyomi, Gábor.</subfield>
      </datafield>
      <datafield tag="650" ind1=" " ind2="0">
         <subfield code="a">Civilization, Assyro-Babylonian</subfield>
         <subfield code="v">Congresses.</subfield>
      </datafield>
      <datafield tag="651" ind1=" " ind2="0">
         <subfield code="a">Middle East</subfield>
         <subfield code="x">Civilization</subfield>
         <subfield code="v">Congresses.</subfield>
      </datafield>
      <datafield tag="651" ind1=" " ind2="0">
         <subfield code="a">Middle East</subfield>
         <subfield code="x">Antiquities</subfield>
         <subfield code="v">Congresses.</subfield>
      </datafield>
      <datafield tag="651" ind1=" " ind2="0">
         <subfield code="a">Middle East</subfield>
         <subfield code="x">History, Military</subfield>
         <subfield code="y">To 1500</subfield>
         <subfield code="v">Congresses.</subfield>
      </datafield>
      <datafield tag="650" ind1=" " ind2="7">
         <subfield code="a">Civilization.</subfield>
         <subfield code="2">fast</subfield>
         <subfield code="0">(OCoLC)fst00862898</subfield>
      </datafield>
      <datafield tag="650" ind1=" " ind2="7">
         <subfield code="a">Civilization, Assyro-Babylonian.</subfield>
         <subfield code="2">fast</subfield>
         <subfield code="0">(OCoLC)fst00862983</subfield>
      </datafield>
      <datafield tag="651" ind1=" " ind2="7">
         <subfield code="a">Middle East.</subfield>
         <subfield code="2">fast</subfield>
         <subfield code="0">(OCoLC)fst01241586</subfield>
      </datafield>
      <datafield tag="655" ind1=" " ind2="7">
         <subfield code="a">Conference proceedings.</subfield>
         <subfield code="2">fast</subfield>
         <subfield code="0">(OCoLC)fst01423772</subfield>
      </datafield>
      <datafield tag="700" ind1="1" ind2=" ">
         <subfield code="a">Neumann, Hans</subfield>
         <subfield code="c">(Assyriologist),</subfield>
         <subfield code="e">editor.</subfield>
      </datafield>
      <datafield tag="830" ind1=" " ind2="0">
         <subfield code="a">Alter Orient und Altes Testament ;</subfield>
         <subfield code="v">Bd. 401.</subfield>
      </datafield>
      <datafield tag="994" ind1=" " ind2=" ">
         <subfield code="a">Z0</subfield>
         <subfield code="b">ZYU</subfield>
      </datafield>
      <datafield tag="OWN" ind1=" " ind2=" ">
         <subfield code="a">GENERAL</subfield>
      </datafield>
      <datafield tag="AVA" ind1=" " ind2=" ">
         <subfield code="a">NYU50</subfield>
         <subfield code="b">BOBST</subfield>
         <subfield code="c">Main Collection</subfield>
         <subfield code="d">DS56 .R46 2006</subfield>
         <subfield code="e">unavailable</subfield>
         <subfield code="t">Unavailable</subfield>
         <subfield code="f">1</subfield>
         <subfield code="g">1</subfield>
         <subfield code="h">N</subfield>
         <subfield code="i">0</subfield>
         <subfield code="j">MAIN</subfield>
         <subfield code="k">0</subfield>
      </datafield>
      <datafield tag="AVA" ind1=" " ind2=" ">
         <subfield code="a">NYU50</subfield>
         <subfield code="b">NISAW</subfield>
         <subfield code="c">Small Collection</subfield>
         <subfield code="d">DS56 .R46 2006</subfield>
         <subfield code="e">available</subfield>
         <subfield code="t">Available</subfield>
         <subfield code="f">1</subfield>
         <subfield code="g">0</subfield>
         <subfield code="h">N</subfield>
         <subfield code="i">0</subfield>
         <subfield code="j">SMALL</subfield>
         <subfield code="k">0</subfield>
      </datafield>
      <marc:datafield tag="852" ind1=" " ind2=" ">
         <marc:subfield code="b">Institute for the Study of the Ancient World, </marc:subfield>
         <marc:subfield code="c">Small Collection</marc:subfield>
         <marc:subfield code="e">15 East 84th St., </marc:subfield>
         <marc:subfield code="e">New York, NY  10028</marc:subfield>
      </marc:datafield>
   </record>