
  
  
  
  
  
 
  
  <record xsi:schemaLocation="http://www.loc.gov/MARC21/slim http://www.loc.gov/standards/marcxml/schema/MARC21slim.xsd">
      <leader>00000cam  2200253 i 4500</leader>
      <controlfield tag="FMT">BK</controlfield>
      <controlfield tag="LDR">00000cam  2200253 i 4500</controlfield>
      <controlfield tag="001">004148474</controlfield>
      <controlfield tag="003">OCoLC</controlfield>
      <controlfield tag="005">20150729105302.0</controlfield>
      <controlfield tag="008">150611s2015    gw ab    b    100 0 eng d</controlfield>
      <datafield tag="024" ind1="3" ind2=" ">
         <subfield code="a">9783936490147</subfield>
      </datafield>
      <datafield tag="035" ind1=" " ind2=" ">
         <subfield code="a">(OCoLC)910838727</subfield>
      </datafield>
      <datafield tag="040" ind1=" " ind2=" ">
         <subfield code="a">OHX</subfield>
         <subfield code="b">eng</subfield>
         <subfield code="e">rda</subfield>
         <subfield code="c">OHX</subfield>
         <subfield code="d">OCLCO</subfield>
         <subfield code="d">NNU</subfield>
      </datafield>
      <datafield tag="043" ind1=" " ind2=" ">
         <subfield code="a">me-----</subfield>
         <subfield code="a">ac-----</subfield>
         <subfield code="a">a-cc---</subfield>
      </datafield>
      <datafield tag="050" ind1=" " ind2="4">
         <subfield code="a">DS328.2</subfield>
         <subfield code="b">.C65 2015</subfield>
      </datafield>
      <datafield tag="072" ind1=" " ind2="7">
         <subfield code="a">DS</subfield>
         <subfield code="2">lcco</subfield>
      </datafield>
      <datafield tag="245" ind1="0" ind2="0">
         <subfield code="a">Complexity of interaction along the Eurasian steppe zone in the first millennnium CE /</subfield>
         <subfield code="c">edited by Jan Bemmann, Michael Schmauder.</subfield>
      </datafield>
      <datafield tag="264" ind1=" " ind2="1">
         <subfield code="a">Bonn :</subfield>
         <subfield code="b">Vor- und Frühgeschichtliche Archäologie, Rheinische Friedrich-Wilhelms-Universität,</subfield>
         <subfield code="c">2015.</subfield>
      </datafield>
      <datafield tag="264" ind1=" " ind2="4">
         <subfield code="c">©2015</subfield>
      </datafield>
      <datafield tag="300" ind1=" " ind2=" ">
         <subfield code="a">705 pages :</subfield>
         <subfield code="b">illustrations (chiefly color), maps (chiefly color) ;</subfield>
         <subfield code="c">30 cm.</subfield>
      </datafield>
      <datafield tag="490" ind1="1" ind2=" ">
         <subfield code="a">Bonn contributions to Asian archaeology ;</subfield>
         <subfield code="v">volume 7</subfield>
      </datafield>
      <datafield tag="500" ind1=" " ind2=" ">
         <subfield code="a">International conference proceedings.</subfield>
      </datafield>
      <datafield tag="500" ind1=" " ind2=" ">
         <subfield code="a">University publication.</subfield>
      </datafield>
      <datafield tag="504" ind1=" " ind2=" ">
         <subfield code="a">Includes bibliographical references.</subfield>
      </datafield>
      <datafield tag="505" ind1="0" ind2="0">
         <subfield code="t">Nomadic empires : modes of analysis.</subfield>
         <subfield code="t">Nomadic Empires in Inner Asia /</subfield>
         <subfield code="r">Kradin, Nikolai N. --</subfield>
         <subfield code="t">China-Steppe Relations in Historical Perspective / Di Cosmo, Nicola --</subfield>
         <subfield code="t">Empire Dynamics and Inner Asia /</subfield>
         <subfield code="r">Rogers, J. Daniel --</subfield>
         <subfield code="t">MASON Hierarchies: A Long-range Agent Model of Power, Conﬂict, and Environment in Inner Asia /</subfield>
         <subfield code="r">Cioffi-Revilla, Claudio ;</subfield>
         <subfield code="r">Honeychurch, William ;</subfield>
         <subfield code="r">Rogers, J. Daniel --</subfield>
         <subfield code="t">Environmental Aspects of Chinese Antiquity: Problems of Interpretation and Chronological Correlation /</subfield>
         <subfield code="r">Tarasov, Pavel E. ;</subfield>
         <subfield code="r">Wagner, Mayke.</subfield>
         <subfield code="t">Xiongnu, the Han Empire, and the Oriental koine.</subfield>
         <subfield code="t">Southern Xiongnu in Northern China: Navigating and Negotiating the Middle Ground /</subfield>
         <subfield code="r">Miller, Bryan K. --</subfield>
         <subfield code="t">Study on the Complexity and Dynamics of Interaction and Exchange in Late Iron Age Eurasia /</subfield>
         <subfield code="r">Brosseder, Ursula B. --</subfield>
         <subfield code="t">Arsacid Iran and the Nomads of Central Asia : Ways of Cultural Transfer /</subfield>
         <subfield code="r">Olbrycht, Marek Jan.</subfield>
         <subfield code="t">Inner and Central Asia from the Türks to the Mongols.</subfield>
         <subfield code="t">Model of the Political Transformation of the Da Liao as an Alternative to the Evolution of the Structures of Authority in the Early Medieval Pastoral Empires of Mongolia /</subfield>
         <subfield code="r">Vasyutin, Sergey A. --</subfield>
         <subfield code="t">Strategies of Cohesion and Control in the Türk and Uyghur Empires /</subfield>
         <subfield code="r">Drompp, Michael R. --</subfield>
         <subfield code="t">Away from the Ötüken : A Geopolitical Approach to the seventh Century Eastern Türks /</subfield>
         <subfield code="r">de la Vaissière, Étienne --</subfield>
         <subfield code="t">Luxurious Necessities : Some Observations on Foreign Commodities and Nomadic Polities in Central Asia in the sixth to ninth Centuries /</subfield>
         <subfield code="r">Stark, Sören --</subfield>
         <subfield code="t">The Turkic World in Maḥmûd al-Kâshgharî /</subfield>
         <subfield code="r">Golden, Peter B. --</subfield>
         <subfield code="t">On the Road again : Diplomacy and Trade from a Chinese Perspective /</subfield>
         <subfield code="r">Höllmann, Thomas O. --</subfield>
         <subfield code="t">Qarakhanids’ Eastern Exchange : Preliminary Notes on the Silk Roads in the eleventh and twelfth Centuries /</subfield>
         <subfield code="r">Biran, Michal --</subfield>
      </datafield>
      <datafield tag="505" ind1="8" ind2="0">
         <subfield code="t">Forces and Resources : Remarks on the Failing Regional State of Sulṭānšāh b. Il Arslan Ḫwārazmšāh /</subfield>
         <subfield code="r">Paul, Jürgen --</subfield>
         <subfield code="t">Old-Turkish Roots of Chinggis Khan’s “Golden Clan” : Continuity of Genesis : Typology of Power /</subfield>
         <subfield code="r">Skrynnikova, Tatiana.</subfield>
         <subfield code="t">Nomadic interaction with the Roman and Byzantine West.</subfield>
         <subfield code="t">Dealing with Non-State Societies : The failed Assassination Attempt against Attila (449 CE) and Eastern Roman Hunnic Policy /</subfield>
         <subfield code="r">Meier, Mischa --</subfield>
         <subfield code="t">Gupta Empire in the Face of the Hunnic Threat : Parallels to the Late Roman Empire? /</subfield>
         <subfield code="r">Stickler, Timo --</subfield>
         <subfield code="t">Huns, Avars, Hungarians : Reﬂections on the Interaction between Steppe Empires in Southeast Europe and the Late Roman to Early Byzantine Empires /</subfield>
         <subfield code="r">Schmauder, Michael --</subfield>
         <subfield code="t">Huns, Avars, Hungarians : Comparative Perspectives based on Written Evidence /</subfield>
         <subfield code="r">Pohl, Walter.</subfield>
      </datafield>
      <datafield tag="651" ind1=" " ind2="0">
         <subfield code="a">Eurasia</subfield>
         <subfield code="x">History</subfield>
         <subfield code="v">Congresses.</subfield>
      </datafield>
      <datafield tag="650" ind1=" " ind2="0">
         <subfield code="a">Steppes</subfield>
         <subfield code="z">Eurasia</subfield>
         <subfield code="x">History</subfield>
         <subfield code="v">Congresses.</subfield>
      </datafield>
      <datafield tag="651" ind1=" " ind2="0">
         <subfield code="a">Asia, Central</subfield>
         <subfield code="x">Relations</subfield>
         <subfield code="z">China</subfield>
         <subfield code="x">History</subfield>
         <subfield code="v">Congresses.</subfield>
      </datafield>
      <datafield tag="651" ind1=" " ind2="0">
         <subfield code="a">China</subfield>
         <subfield code="x">Relations</subfield>
         <subfield code="z">Asia, Central</subfield>
         <subfield code="x">History</subfield>
         <subfield code="v">Congresses.</subfield>
      </datafield>
      <datafield tag="650" ind1=" " ind2="0">
         <subfield code="a">Nomads</subfield>
         <subfield code="z">Eurasia</subfield>
         <subfield code="x">History</subfield>
         <subfield code="v">Congresses.</subfield>
      </datafield>
      <datafield tag="700" ind1="1" ind2=" ">
         <subfield code="a">Bemmann, Jan,</subfield>
         <subfield code="e">editor.</subfield>
      </datafield>
      <datafield tag="700" ind1="1" ind2=" ">
         <subfield code="a">Schmauder, Michael,</subfield>
         <subfield code="e">editor.</subfield>
      </datafield>
      <datafield tag="830" ind1=" " ind2="0">
         <subfield code="a">Bonn contributions to Asian archaeology ;</subfield>
         <subfield code="v">volume 7.</subfield>
      </datafield>
      <datafield tag="994" ind1=" " ind2=" ">
         <subfield code="a">Z0</subfield>
         <subfield code="b">ZYU</subfield>
      </datafield>
      <datafield tag="OWN" ind1=" " ind2=" ">
         <subfield code="a">GENERAL</subfield>
      </datafield>
      <datafield tag="AVA" ind1=" " ind2=" ">
         <subfield code="a">NYU50</subfield>
         <subfield code="b">NISAW</subfield>
         <subfield code="c">Large Collection</subfield>
         <subfield code="d">DS328.2 .C65 2015</subfield>
         <subfield code="e">available</subfield>
         <subfield code="t">Available</subfield>
         <subfield code="f">1</subfield>
         <subfield code="g">0</subfield>
         <subfield code="h">N</subfield>
         <subfield code="i">0</subfield>
         <subfield code="j">LARGE</subfield>
         <subfield code="k">0</subfield>
      </datafield>
      <marc:datafield tag="852" ind1=" " ind2=" ">
         <marc:subfield code="b">Institute for the Study of the Ancient World, </marc:subfield>
         <marc:subfield code="c">Large Collection</marc:subfield>
         <marc:subfield code="e">15 East 84th St., </marc:subfield>
         <marc:subfield code="e">New York, NY  10028</marc:subfield>
      </marc:datafield>
      <datafield tag="AVA" ind1=" " ind2=" ">
         <subfield code="a">NYU51</subfield>
         <subfield code="b">NABUD</subfield>
         <subfield code="c">Main Collection</subfield>
         <subfield code="d">DS328.2 .C65 2015</subfield>
         <subfield code="e">available</subfield>
         <subfield code="t">Available</subfield>
         <subfield code="f">1</subfield>
         <subfield code="g">0</subfield>
         <subfield code="h">N</subfield>
         <subfield code="i">0</subfield>
         <subfield code="j">MAIN</subfield>
         <subfield code="k">0</subfield>
      </datafield>
   </record>