
  
  
  
  
 
  
  <record xsi:schemaLocation="http://www.loc.gov/MARC21/slim http://www.loc.gov/standards/marcxml/schema/MARC21slim.xsd">
      <leader>00000cam  2200397 i 4500</leader>
      <controlfield tag="FMT">BK</controlfield>
      <controlfield tag="LDR">00000cam  2200397 i 4500</controlfield>
      <controlfield tag="001">004148355</controlfield>
      <controlfield tag="003">OCoLC</controlfield>
      <controlfield tag="005">20150611132955.0</controlfield>
      <controlfield tag="008">150611s2012    fr ae    b    111 0 fre d</controlfield>
      <datafield tag="020" ind1=" " ind2=" ">
         <subfield code="a">9782877542838</subfield>
      </datafield>
      <datafield tag="020" ind1=" " ind2=" ">
         <subfield code="a">2877542831</subfield>
      </datafield>
      <datafield tag="035" ind1=" " ind2=" ">
         <subfield code="a">(OCoLC)852983694</subfield>
      </datafield>
      <datafield tag="040" ind1=" " ind2=" ">
         <subfield code="a">CGU</subfield>
         <subfield code="b">eng</subfield>
         <subfield code="e">rda</subfield>
         <subfield code="c">CGU</subfield>
         <subfield code="d">OCLCF</subfield>
         <subfield code="d">OCL</subfield>
         <subfield code="d">NNU</subfield>
      </datafield>
      <datafield tag="043" ind1=" " ind2=" ">
         <subfield code="a">f-ly---</subfield>
      </datafield>
      <datafield tag="050" ind1=" " ind2="4">
         <subfield code="a">DT221</subfield>
         <subfield code="b">.J69 2010</subfield>
      </datafield>
      <datafield tag="111" ind1="2" ind2=" ">
         <subfield code="a">Journée d'études sur la Libye antique et médiévale</subfield>
         <subfield code="n">(1st :</subfield>
         <subfield code="d">2010 :</subfield>
         <subfield code="c">Paris, France)</subfield>
      </datafield>
      <datafield tag="245" ind1="1" ind2="0">
         <subfield code="a">Actes de la 1re Journée d'études sur la Libye antique et médiévale :</subfield>
         <subfield code="b">30 janvier 2010, Sorbonne, Paris : hommage à André Laronde, membre de l'Académie des inscriptions et belles-lettres, Institut de France, directeur de la Mission archéologique française en Libye /</subfield>
         <subfield code="c">édités par Jean-Michel Mouton et Michel Zink.</subfield>
      </datafield>
      <datafield tag="246" ind1="3" ind2=" ">
         <subfield code="a">Libye antique et médiévale</subfield>
      </datafield>
      <datafield tag="264" ind1=" " ind2="1">
         <subfield code="a">Paris :</subfield>
         <subfield code="b">Académie des inscriptions et belles-lettres,</subfield>
         <subfield code="c">2012.</subfield>
      </datafield>
      <datafield tag="300" ind1=" " ind2=" ">
         <subfield code="a">178 pages :</subfield>
         <subfield code="b">illustrations (chiefly color), plans (some color) ;</subfield>
         <subfield code="c">24 cm</subfield>
      </datafield>
      <datafield tag="336" ind1=" " ind2=" ">
         <subfield code="a">text</subfield>
         <subfield code="2">rdacontent</subfield>
      </datafield>
      <datafield tag="337" ind1=" " ind2=" ">
         <subfield code="a">unmediated</subfield>
         <subfield code="2">rdamedia</subfield>
      </datafield>
      <datafield tag="338" ind1=" " ind2=" ">
         <subfield code="a">volume</subfield>
         <subfield code="2">rdacarrier</subfield>
      </datafield>
      <datafield tag="504" ind1=" " ind2=" ">
         <subfield code="a">Includes bibliographical references and index.</subfield>
      </datafield>
      <datafield tag="505" ind1="0" ind2="0">
         <subfield code="g">Première partie.</subfield>
         <subfield code="t">Libye antique et médiévale.</subfield>
         <subfield code="t">Recherches préhistoriques de la Mission archéologique française en Cyrénaïque (Libye) /</subfield>
         <subfield code="r">Faucamberge, Élodie de --</subfield>
         <subfield code="t">Cultes grecs et influences libyennes en Cyrénaïque antique. Essai d’étude comparative de quelques sanctuaires rupestres /</subfield>
         <subfield code="r">Marini, Sophie --</subfield>
         <subfield code="t">Typologie de la céramique et fabriques à Erythron (Latrun). Réflexions préliminaires sur les faciès céramiques /</subfield>
         <subfield code="r">Mazou, Loïc --</subfield>
         <subfield code="t">Quelques mosquées anciennes du djebel Nafūsa et leur évocation dans les sources ibadites /</subfield>
         <subfield code="r">Prevost, Virginie --</subfield>
         <subfield code="t">Itinéraires libyens dans les deux ouvrages géographiques d’al-Idrīsī /</subfield>
         <subfield code="r">Ducène, Jean-Charles.</subfield>
         <subfield code="g">Deuxième partie.</subfield>
         <subfield code="t">Ville de Sturt à l’époque médiévale : histoire et archéologie.</subfield>
         <subfield code="t">Mission archéologique française sur le site de Surt /</subfield>
         <subfield code="r">Mouton, Jean-Michel --</subfield>
         <subfield code="t">Données nouvelles sur l’histoire de la cité médiévale de Surt en Libye /</subfield>
         <subfield code="r">Mouton, Jean-Michel --</subfield>
         <subfield code="t">À la recherche d’une ville médiévale en Libye : approche topo-archéologie à Surt /</subfield>
         <subfield code="r">Racinet, Philippe --</subfield>
         <subfield code="t">Essai d’interprétation archéologique des résultats de la prospection géophysique réalisée à Surt (Libye) en 2009 : de la réalité de l’anomalie ponctuelle à une structuration urbaine théorique /</subfield>
         <subfield code="r">Guilhot, Jean-Olivier --</subfield>
         <subfield code="t">Quelques éléments sur l’approvisionnement de la ville de Surt en céramiques glaçurées à décors vert et brun à l’époque médiévale /</subfield>
         <subfield code="r">Schmitt, Anne.</subfield>
      </datafield>
      <datafield tag="651" ind1=" " ind2="0">
         <subfield code="a">Surt Site (Libya)</subfield>
         <subfield code="v">Congresses.</subfield>
      </datafield>
      <datafield tag="651" ind1=" " ind2="0">
         <subfield code="a">Libya</subfield>
         <subfield code="x">Antiquities</subfield>
         <subfield code="v">Congresses.</subfield>
      </datafield>
      <datafield tag="651" ind1=" " ind2="0">
         <subfield code="a">Libya</subfield>
         <subfield code="x">History</subfield>
         <subfield code="y">To 642</subfield>
         <subfield code="v">Congresses.</subfield>
      </datafield>
      <datafield tag="651" ind1=" " ind2="0">
         <subfield code="a">Libya</subfield>
         <subfield code="x">History</subfield>
         <subfield code="y">642-1551</subfield>
         <subfield code="v">Congresses.</subfield>
      </datafield>
      <datafield tag="650" ind1=" " ind2="7">
         <subfield code="a">Antiquities.</subfield>
         <subfield code="2">fast</subfield>
         <subfield code="0">(OCoLC)fst00810745</subfield>
      </datafield>
      <datafield tag="651" ind1=" " ind2="7">
         <subfield code="a">Libya.</subfield>
         <subfield code="2">fast</subfield>
         <subfield code="0">(OCoLC)fst01205534</subfield>
      </datafield>
      <datafield tag="648" ind1=" " ind2="7">
         <subfield code="a">642 - 1551</subfield>
         <subfield code="2">fast</subfield>
      </datafield>
      <datafield tag="655" ind1=" " ind2="7">
         <subfield code="a">History</subfield>
         <subfield code="2">fast</subfield>
         <subfield code="0">(OCoLC)fst01411628</subfield>
      </datafield>
      <datafield tag="655" ind1=" " ind2="7">
         <subfield code="a">Conference proceedings.</subfield>
         <subfield code="2">fast</subfield>
         <subfield code="0">(OCoLC)fst01423772</subfield>
      </datafield>
      <datafield tag="700" ind1="1" ind2=" ">
         <subfield code="a">Laronde, André</subfield>
         <subfield code="e">honoree.</subfield>
      </datafield>
      <datafield tag="700" ind1="1" ind2=" ">
         <subfield code="a">Mouton, Jean-Michel</subfield>
         <subfield code="e">editor.</subfield>
      </datafield>
      <datafield tag="700" ind1="1" ind2=" ">
         <subfield code="a">Zink, Michel</subfield>
         <subfield code="e">editor.</subfield>
      </datafield>
      <datafield tag="994" ind1=" " ind2=" ">
         <subfield code="a">Z0</subfield>
         <subfield code="b">ZYU</subfield>
      </datafield>
      <datafield tag="OWN" ind1=" " ind2=" ">
         <subfield code="a">GENERAL</subfield>
      </datafield>
      <datafield tag="AVA" ind1=" " ind2=" ">
         <subfield code="a">NYU50</subfield>
         <subfield code="b">NISAW</subfield>
         <subfield code="c">Small Collection</subfield>
         <subfield code="d">DT221 .J69 2010</subfield>
         <subfield code="e">available</subfield>
         <subfield code="t">Available</subfield>
         <subfield code="f">1</subfield>
         <subfield code="g">0</subfield>
         <subfield code="h">N</subfield>
         <subfield code="i">0</subfield>
         <subfield code="j">SMALL</subfield>
         <subfield code="k">0</subfield>
      </datafield>
      <marc:datafield tag="852" ind1=" " ind2=" ">
         <marc:subfield code="b">Institute for the Study of the Ancient World, </marc:subfield>
         <marc:subfield code="c">Small Collection</marc:subfield>
         <marc:subfield code="e">15 East 84th St., </marc:subfield>
         <marc:subfield code="e">New York, NY  10028</marc:subfield>
      </marc:datafield>
   </record>