
  
  
  
  
  
 
  
  <record xsi:schemaLocation="http://www.loc.gov/MARC21/slim http://www.loc.gov/standards/marcxml/schema/MARC21slim.xsd">
      <leader>00000cam  2200565 i 4500</leader>
      <controlfield tag="FMT">BK</controlfield>
      <controlfield tag="LDR">00000cam  2200565 i 4500</controlfield>
      <controlfield tag="001">004148417</controlfield>
      <controlfield tag="003">OCoLC</controlfield>
      <controlfield tag="005">20150611141216.0</controlfield>
      <controlfield tag="008">150611s2012    fr abe   b    100 0 fre d</controlfield>
      <datafield tag="020" ind1=" " ind2=" ">
         <subfield code="a">9782877542814</subfield>
      </datafield>
      <datafield tag="020" ind1=" " ind2=" ">
         <subfield code="a">2877542815</subfield>
      </datafield>
      <datafield tag="035" ind1=" " ind2=" ">
         <subfield code="a">(OCoLC)814233611</subfield>
      </datafield>
      <datafield tag="040" ind1=" " ind2=" ">
         <subfield code="a">TZT</subfield>
         <subfield code="b">eng</subfield>
         <subfield code="e">rda</subfield>
         <subfield code="c">TZT</subfield>
         <subfield code="d">OCLCO</subfield>
         <subfield code="d">ERASP</subfield>
         <subfield code="d">OCLCQ</subfield>
         <subfield code="d">AUXAM</subfield>
         <subfield code="d">C3L</subfield>
         <subfield code="d">COO</subfield>
         <subfield code="d">GUA</subfield>
         <subfield code="d">OCLCQ</subfield>
         <subfield code="d">OCLCF</subfield>
         <subfield code="d">OCLCQ</subfield>
         <subfield code="d">OCLCO</subfield>
         <subfield code="d">NNU</subfield>
      </datafield>
      <datafield tag="043" ind1=" " ind2=" ">
         <subfield code="a">mm-----</subfield>
      </datafield>
      <datafield tag="050" ind1=" " ind2="4">
         <subfield code="a">HD1697.5.M43</subfield>
         <subfield code="b">C65 2012</subfield>
      </datafield>
      <datafield tag="082" ind1="1" ind2="4">
         <subfield code="a">330</subfield>
         <subfield code="2">1</subfield>
      </datafield>
      <datafield tag="111" ind1="2" ind2=" ">
         <subfield code="a">Colloque de la Villa Kérylos</subfield>
         <subfield code="n">(22th :</subfield>
         <subfield code="d">2011 :</subfield>
         <subfield code="c">Beaulieu-sur-Mer, France)</subfield>
      </datafield>
      <datafield tag="245" ind1="1" ind2="0">
         <subfield code="a">Colloque l'eau en Méditerranée de l'Antiquité au moyen âge :</subfield>
         <subfield code="b">actes /</subfield>
         <subfield code="c">Jacques Jouanna, Pierre Toubert et Michel Zink éd.</subfield>
      </datafield>
      <datafield tag="246" ind1="1" ind2="5">
         <subfield code="a">Eau en Méditerranée de l'Antiquité au moyen âge :</subfield>
         <subfield code="b">actes du 22e colloque de la Villa Kérylos à Beaulieu-sur-Mer les 7 &amp; 8 octobre 2011</subfield>
      </datafield>
      <datafield tag="264" ind1=" " ind2="1">
         <subfield code="a">Paris :</subfield>
         <subfield code="b">Diffusion de Boccard,</subfield>
         <subfield code="c">2012</subfield>
      </datafield>
      <datafield tag="264" ind1=" " ind2="4">
         <subfield code="a">Paris :</subfield>
         <subfield code="b">Académie des Inscriptions et Belles-Lettres</subfield>
      </datafield>
      <datafield tag="300" ind1=" " ind2=" ">
         <subfield code="a">xi, 424 pages :</subfield>
         <subfield code="b">illustrations (some color), maps (some color), plans (some color) ;</subfield>
         <subfield code="c">24 cm.</subfield>
      </datafield>
      <datafield tag="336" ind1=" " ind2=" ">
         <subfield code="a">text</subfield>
         <subfield code="b">txt</subfield>
         <subfield code="2">rdacontent</subfield>
      </datafield>
      <datafield tag="337" ind1=" " ind2=" ">
         <subfield code="a">unmediated</subfield>
         <subfield code="b">n</subfield>
         <subfield code="2">rdamedia</subfield>
      </datafield>
      <datafield tag="338" ind1=" " ind2=" ">
         <subfield code="a">volume</subfield>
         <subfield code="b">nc</subfield>
         <subfield code="2">rdacarrier</subfield>
      </datafield>
      <datafield tag="490" ind1="1" ind2=" ">
         <subfield code="a">Cahiers de la villa Kérylos,</subfield>
         <subfield code="x">1275-6629 ;</subfield>
         <subfield code="v">no 23</subfield>
      </datafield>
      <datafield tag="504" ind1=" " ind2=" ">
         <subfield code="a">Includes bibliographical references.</subfield>
      </datafield>
      <datafield tag="505" ind1="0" ind2="0">
         <subfield code="t">Hommage à Jean Leclant /</subfield>
         <subfield code="r">Reinach, Fabrice --</subfield>
         <subfield code="t">Allocution d’ouverture /</subfield>
         <subfield code="r">Toubert, Pierre --</subfield>
         <subfield code="t">Eau dans les cosmogonies orientales /</subfield>
         <subfield code="r">Baechler, Jean --</subfield>
         <subfield code="t">Eau en Égypte /</subfield>
         <subfield code="r">Grimal, Nicolas --</subfield>
         <subfield code="t">Eau dans la médecine au temps d’Hippocrate /</subfield>
         <subfield code="r">Jouanna, Jacques --</subfield>
         <subfield code="t">Nymphes, images de l’eau sur les monnaies des cités grecques /</subfield>
         <subfield code="r">Picard, Olivier --</subfield>
         <subfield code="t">Eau dans le Timée et les Lois /</subfield>
         <subfield code="r">Saint-Sernin, Bertrand --</subfield>
         <subfield code="t">Aménagements hydrauliques dans les cités grecques antiques : Techniques et Société /</subfield>
         <subfield code="r">Brunet, Michèle --</subfield>
         <subfield code="t">Eau dans la Provence antique : monuments, découvertes archéologiques et études en cours /</subfield>
         <subfield code="r">Delestre, Xavier --</subfield>
         <subfield code="t">Quelques fontaines publiques et nymphées en Gaule romaine /</subfield>
         <subfield code="r">Lavagne, Henri --</subfield>
         <subfield code="t">Eau en Afrique : villes et campagnes /</subfield>
         <subfield code="r">Baratte, François --</subfield>
         <subfield code="t">Note sur la technologie et la politique de l’eau en Syrie du Sud entre l’âge du Bronze et l’époque romaine impériale /</subfield>
         <subfield code="r">Dentzer, Jean-Marie --</subfield>
         <subfield code="t">Thermes impériaux et monumentaux de Syrie du Sud et du Proche-Orient /</subfield>
         <subfield code="r">Fournet, Thibaud --</subfield>
         <subfield code="t">Eau en Arabie /</subfield>
         <subfield code="r">Robin, Christian Julien --</subfield>
         <subfield code="t">Eau et société dans l’islam occidental /</subfield>
         <subfield code="r">Guichard, Pierre --</subfield>
         <subfield code="t">Eau et les sanctuaires chrétiens dans le monde méditerranéen, du Moyen Âge à nos jours /</subfield>
         <subfield code="r">Vauchez, André --</subfield>
         <subfield code="t">Terroirs irrigués en Occident méditerranéen : Observations aériennes d’héritages agraires /</subfield>
         <subfield code="r">Humbert, André --</subfield>
         <subfield code="t">Usages de l’eau et transferts technologiques dans la Méditerranée médiévale /</subfield>
         <subfield code="r">Toubert, Pierre --</subfield>
         <subfield code="t">Conclusion /</subfield>
         <subfield code="r">Jouanna, Jacques.</subfield>
         <subfield code="g">Annexe :</subfield>
         <subfield code="t">Eau à Kérylos.</subfield>
         <subfield code="t">Mémoire de l’eau à Kérylos /</subfield>
         <subfield code="r">Lavagne, Henri --</subfield>
         <subfield code="t">Reflets des eaux grecques /</subfield>
         <subfield code="r">Pasquier, Alain.</subfield>
      </datafield>
      <datafield tag="650" ind1=" " ind2="0">
         <subfield code="a">Water resources development</subfield>
         <subfield code="z">Mediterranean Region</subfield>
         <subfield code="x">History</subfield>
         <subfield code="y">To 1500</subfield>
         <subfield code="v">Congresses.</subfield>
      </datafield>
      <datafield tag="650" ind1=" " ind2="0">
         <subfield code="a">Water-supply</subfield>
         <subfield code="z">Mediterranean Region</subfield>
         <subfield code="x">History</subfield>
         <subfield code="y">To 1500</subfield>
         <subfield code="v">Congresses.</subfield>
      </datafield>
      <datafield tag="650" ind1=" " ind2="7">
         <subfield code="a">Water resources development.</subfield>
         <subfield code="2">fast</subfield>
         <subfield code="0">(OCoLC)fst01171955</subfield>
      </datafield>
      <datafield tag="650" ind1=" " ind2="7">
         <subfield code="a">Water-supply.</subfield>
         <subfield code="2">fast</subfield>
         <subfield code="0">(OCoLC)fst01172350</subfield>
      </datafield>
      <datafield tag="651" ind1=" " ind2="7">
         <subfield code="a">Mediterranean Region.</subfield>
         <subfield code="2">fast</subfield>
         <subfield code="0">(OCoLC)fst01239752</subfield>
      </datafield>
      <datafield tag="653" ind1=" " ind2=" ">
         <subfield code="a">Water resources development</subfield>
         <subfield code="a">Water-supply</subfield>
         <subfield code="a">Mediterranean Region</subfield>
         <subfield code="a">Antiquity-Middle Ages</subfield>
      </datafield>
      <datafield tag="655" ind1=" " ind2="7">
         <subfield code="a">Conference proceedings.</subfield>
         <subfield code="2">fast</subfield>
         <subfield code="0">(OCoLC)fst01423772</subfield>
      </datafield>
      <datafield tag="700" ind1="1" ind2=" ">
         <subfield code="a">Jouanna, Jacques</subfield>
         <subfield code="e">editor.</subfield>
      </datafield>
      <datafield tag="700" ind1="1" ind2=" ">
         <subfield code="a">Toubert, Pierre</subfield>
         <subfield code="e">editor.</subfield>
      </datafield>
      <datafield tag="830" ind1=" " ind2="0">
         <subfield code="a">Cahiers de la villa "Kérylos" ;</subfield>
         <subfield code="v">no 23.</subfield>
      </datafield>
      <datafield tag="994" ind1=" " ind2=" ">
         <subfield code="a">Z0</subfield>
         <subfield code="b">ZYU</subfield>
      </datafield>
      <datafield tag="OWN" ind1=" " ind2=" ">
         <subfield code="a">GENERAL</subfield>
      </datafield>
      <datafield tag="AVA" ind1=" " ind2=" ">
         <subfield code="a">NYU50</subfield>
         <subfield code="b">NISAW</subfield>
         <subfield code="c">Small Collection</subfield>
         <subfield code="d">HD1697.5.M43 C65 2012</subfield>
         <subfield code="e">available</subfield>
         <subfield code="t">Available</subfield>
         <subfield code="f">1</subfield>
         <subfield code="g">0</subfield>
         <subfield code="h">N</subfield>
         <subfield code="i">0</subfield>
         <subfield code="j">SMALL</subfield>
         <subfield code="k">0</subfield>
      </datafield>
      <marc:datafield tag="852" ind1=" " ind2=" ">
         <marc:subfield code="b">Institute for the Study of the Ancient World, </marc:subfield>
         <marc:subfield code="c">Small Collection</marc:subfield>
         <marc:subfield code="e">15 East 84th St., </marc:subfield>
         <marc:subfield code="e">New York, NY  10028</marc:subfield>
      </marc:datafield>
   </record>