
  
  
  
  
  
  
 
  
  <record xsi:schemaLocation="http://www.loc.gov/MARC21/slim http://www.loc.gov/standards/marcxml/schema/MARC21slim.xsd">
      <leader>00000cam  2200589 i 4500</leader>
      <controlfield tag="FMT">BK</controlfield>
      <controlfield tag="LDR">00000cam  2200589 i 4500</controlfield>
      <controlfield tag="001">004148434</controlfield>
      <controlfield tag="003">OCoLC</controlfield>
      <controlfield tag="005">20150611150905.0</controlfield>
      <controlfield tag="008">150611s2011    kz abdf  b    110 0 kaz c</controlfield>
      <datafield tag="020" ind1=" " ind2=" ">
         <subfield code="a">9786017312060 (v. 1)</subfield>
      </datafield>
      <datafield tag="020" ind1=" " ind2=" ">
         <subfield code="a">6017312065 (v. 1)</subfield>
      </datafield>
      <datafield tag="020" ind1=" " ind2=" ">
         <subfield code="a">9786017312077 (v. 2)</subfield>
      </datafield>
      <datafield tag="020" ind1=" " ind2=" ">
         <subfield code="a">6017312073 (v. 2)</subfield>
      </datafield>
      <datafield tag="020" ind1=" " ind2=" ">
         <subfield code="a">9786017312084 (v. 3)</subfield>
      </datafield>
      <datafield tag="020" ind1=" " ind2=" ">
         <subfield code="a">6017312081 (v. 3)</subfield>
      </datafield>
      <datafield tag="020" ind1=" " ind2=" ">
         <subfield code="a">9786017312053 (set)</subfield>
      </datafield>
      <datafield tag="020" ind1=" " ind2=" ">
         <subfield code="a">6017312057 (set)</subfield>
      </datafield>
      <datafield tag="035" ind1=" " ind2=" ">
         <subfield code="a">(OCoLC)864756642</subfield>
      </datafield>
      <datafield tag="040" ind1=" " ind2=" ">
         <subfield code="a">IUL</subfield>
         <subfield code="b">eng</subfield>
         <subfield code="e">rda</subfield>
         <subfield code="c">IUL</subfield>
         <subfield code="d">IUL</subfield>
         <subfield code="d">OCLCF</subfield>
         <subfield code="d">NNU</subfield>
      </datafield>
      <datafield tag="041" ind1="0" ind2=" ">
         <subfield code="a">kaz</subfield>
         <subfield code="a">rus</subfield>
         <subfield code="b">rus</subfield>
         <subfield code="b">eng</subfield>
      </datafield>
      <datafield tag="042" ind1=" " ind2=" ">
         <subfield code="a">pcc</subfield>
      </datafield>
      <datafield tag="043" ind1=" " ind2=" ">
         <subfield code="a">a-kz---</subfield>
      </datafield>
      <datafield tag="050" ind1=" " ind2="4">
         <subfield code="a">DK905</subfield>
         <subfield code="b">.K42 2011</subfield>
      </datafield>
      <datafield tag="066" ind1=" " ind2=" ">
         <subfield code="c">(N</subfield>
         <subfield code="c">(Q</subfield>
      </datafield>
      <datafield tag="111" ind1="2" ind2=" ">
         <subfield code="6">880-01</subfield>
         <subfield code="a">Khalyqaralyq ghylym konferent͡sii͡a, "Tăuelsīzdīk kezen͡gīndegī Qazaqstan arkheologii͡asi : qorytyndylary men keleshegī"</subfield>
         <subfield code="d">(2012 :</subfield>
         <subfield code="c">Alma-Ata, Kazakhstan)</subfield>
      </datafield>
      <datafield tag="245" ind1="1" ind2="0">
         <subfield code="6">880-02</subfield>
         <subfield code="a">Qazaqstan Respublikasy tăuelsīzdīgīnīn͡g 20 zhyldyghyna zhăne Ă.Kh. Marghūlan atyndaghy arkheologii͡a institutynyn͡g 20 zhyldyq mereĭtoĭyna arnalghan "Tăuelsīzdīk kezen͡gīndegī Qazaqstan arkheologii͡asi : qorytyndylary men keleshegī" :</subfield>
         <subfield code="b">atty khalyqaralyq ghylymi konferent͡sii͡a materialdary, 12-15 zheltoqsan 2011 zhyl, Almaty q. /</subfield>
         <subfield code="c">bas redaktor, B.Ă. Baĭtanaev ; zhauapty redaktor A.Z. Beĭsenov = Materialy mezhdunarodnoĭ nauchnoĭ konferent͡sii, "Arkheologii͡a Kazakhstana v ėpokhu nezavisimosti : itogi, perspektivy" : osvi͡ashchennoĭ 20-letii͡u nezavisimosti Respubliki Kazakhstan i 20-letii͡u Instituta arkheologii im. A.Kh. Margulana, 12-15 dekabri͡a 2011 g., g. Almaty / glavnyĭ redaktor, B.Ă. Baĭtanaev ; otvetstvennyĭ redaktor, A.Z. Beĭsenov.</subfield>
      </datafield>
      <datafield tag="246" ind1="1" ind2="4">
         <subfield code="6">880-03</subfield>
         <subfield code="a">Tăuelsīzdīk kezen͡gīndegī Qazaqstan arkheologii͡asi</subfield>
      </datafield>
      <datafield tag="246" ind1="1" ind2="5">
         <subfield code="6">880-04</subfield>
         <subfield code="a">Materialy mezhdunarodnoĭ nauchnoĭ konferent͡sii, "Arkheologii͡a Kazakhstana v ėpokhu nezavisimosti : itogi, perspektivy"</subfield>
      </datafield>
      <datafield tag="300" ind1=" " ind2=" ">
         <subfield code="a">3 volumes :</subfield>
         <subfield code="b">illustrations, maps, plans ;</subfield>
         <subfield code="c">29 cm</subfield>
      </datafield>
      <datafield tag="336" ind1=" " ind2=" ">
         <subfield code="a">text</subfield>
         <subfield code="b">txt</subfield>
         <subfield code="2">rdacontent</subfield>
      </datafield>
      <datafield tag="337" ind1=" " ind2=" ">
         <subfield code="a">unmediated</subfield>
         <subfield code="b">n</subfield>
         <subfield code="2">rdamedia</subfield>
      </datafield>
      <datafield tag="338" ind1=" " ind2=" ">
         <subfield code="a">volume</subfield>
         <subfield code="b">nc</subfield>
         <subfield code="2">rdacarrier</subfield>
      </datafield>
      <datafield tag="546" ind1=" " ind2=" ">
         <subfield code="a">Articles in Qazaq, Russian, or English; summaries in Russian and English.</subfield>
      </datafield>
      <datafield tag="500" ind1=" " ind2=" ">
         <subfield code="6">880-05</subfield>
         <subfield code="a">At head of title: Qazaqstan Respublikasy bīlīm zhăne ghylym ministrlīgī Ghylym komiteti. Ă.Kh. Marghūlan atyndaghy arkhaeologii͡a instituty.</subfield>
      </datafield>
      <datafield tag="504" ind1=" " ind2=" ">
         <subfield code="a">Includes bibliographical references.</subfield>
      </datafield>
      <datafield tag="651" ind1=" " ind2="0">
         <subfield code="a">Kazakhstan</subfield>
         <subfield code="x">Antiquities</subfield>
         <subfield code="v">Congresses.</subfield>
      </datafield>
      <datafield tag="650" ind1=" " ind2="0">
         <subfield code="a">Excavations (Archaeology)</subfield>
         <subfield code="z">Kazakhstan</subfield>
         <subfield code="v">Congresses.</subfield>
      </datafield>
      <datafield tag="650" ind1=" " ind2="7">
         <subfield code="a">Antiquities.</subfield>
         <subfield code="2">fast</subfield>
         <subfield code="0">(OCoLC)fst00810745</subfield>
      </datafield>
      <datafield tag="651" ind1=" " ind2="7">
         <subfield code="a">Kazakhstan.</subfield>
         <subfield code="2">fast</subfield>
         <subfield code="0">(OCoLC)fst01260664</subfield>
      </datafield>
      <datafield tag="655" ind1=" " ind2="7">
         <subfield code="a">Conference proceedings.</subfield>
         <subfield code="2">fast</subfield>
         <subfield code="0">(OCoLC)fst01423772</subfield>
      </datafield>
      <datafield tag="700" ind1="1" ind2=" ">
         <subfield code="6">880-06</subfield>
         <subfield code="a">Baĭtanaev, B. A.</subfield>
      </datafield>
      <datafield tag="700" ind1="1" ind2=" ">
         <subfield code="6">880-07</subfield>
         <subfield code="a">Beĭsenov, A. Z.</subfield>
         <subfield code="q">(Arman Zii͡adenovich)</subfield>
      </datafield>
      <datafield tag="710" ind1="2" ind2=" ">
         <subfield code="6">880-08</subfield>
         <subfield code="a">Ă.Kh. Marghūlan atyndaghy arkheologii͡a instituty.</subfield>
      </datafield>
      <datafield tag="880" ind1="2" ind2=" ">
         <subfield code="6">111-01/</subfield>
         <subfield code="a">Халықаралық ғылым конференция, "Тәуелсіздік кезеңіндегі Қазақстан археологиясы : қорытындылары мен келешегі"</subfield>
         <subfield code="d">(2012 :</subfield>
         <subfield code="c">Alma-Ata, Kazakhstan)</subfield>
      </datafield>
      <datafield tag="880" ind1="1" ind2="0">
         <subfield code="6">245-02/</subfield>
         <subfield code="a">Қазақстан Республикасы тәуелсіздігінің 20 жылдығына және Ә.Х. Марғұлан атындағы археология институтының 20 жылдық мерейтойына арналған "Тәуелсіздік кезеңіндегі Қазақстан археологиясы : қорытындылары мен келешегі :</subfield>
         <subfield code="b">атты халықаралық ғылыми конференция материалдары, 12-15 желтоқсан 2011 жыл, Алматы қ. /</subfield>
         <subfield code="c">бас редактор, Б.Ә. Байтанаев ; жауапты редактор А.З. Бейсенов = Материалы международной научной конференции, "Археология Казахстана в эпоху независимости : итоги, перспективы" : освященной 20-летию независимости Республики Казахстан и 20-летию Института археологии им. А.Х. Маргулана, 12-15 декабря 2011 г., г. Алматы / главный редактор, Б.А&amp;#x0220E;. Байтанаев ; ответственный редактор, А.З. Бейсенов.</subfield>
      </datafield>
      <datafield tag="880" ind1="1" ind2="4">
         <subfield code="6">246-03/</subfield>
         <subfield code="a">Тәуелсіздік кезеңіндегі Қазақстан археологиясы</subfield>
      </datafield>
      <datafield tag="880" ind1="1" ind2="5">
         <subfield code="6">246-04/</subfield>
         <subfield code="a">Материалы международной научной конференции, "Археология Казахстана в эпоху независимости : итоги, перспективы"</subfield>
      </datafield>
      <datafield tag="880" ind1=" " ind2=" ">
         <subfield code="6">500-05/</subfield>
         <subfield code="a">At head of title: Қазақстан Республикасы бiлiм жаәне ғылым министрлiгi ғылым комитети. Ә.Х. Марғұлан атындағы архаеология институты.</subfield>
      </datafield>
      <datafield tag="880" ind1="1" ind2=" ">
         <subfield code="6">700-06/</subfield>
         <subfield code="a">Байтанаев, Б. А.</subfield>
      </datafield>
      <datafield tag="880" ind1="1" ind2=" ">
         <subfield code="6">700-07/</subfield>
         <subfield code="a">Бейсенов, А. З.</subfield>
         <subfield code="q">(Арман Зияденович)</subfield>
      </datafield>
      <datafield tag="880" ind1="2" ind2=" ">
         <subfield code="6">710-08/</subfield>
         <subfield code="a">Ә.Х. Марғұлан атындағы архаеология институты.</subfield>
      </datafield>
      <datafield tag="994" ind1=" " ind2=" ">
         <subfield code="a">Z0</subfield>
         <subfield code="b">ZYU</subfield>
      </datafield>
      <datafield tag="OWN" ind1=" " ind2=" ">
         <subfield code="a">GENERAL</subfield>
      </datafield>
      <datafield tag="AVA" ind1=" " ind2=" ">
         <subfield code="a">NYU50</subfield>
         <subfield code="b">NISAW</subfield>
         <subfield code="c">Large Collection</subfield>
         <subfield code="d">DK905 .K42 2011</subfield>
         <subfield code="e">available</subfield>
         <subfield code="t">Available</subfield>
         <subfield code="f">3</subfield>
         <subfield code="g">0</subfield>
         <subfield code="h">Y</subfield>
         <subfield code="i">0</subfield>
         <subfield code="j">LARGE</subfield>
         <subfield code="k">0</subfield>
      </datafield>
      <marc:datafield tag="852" ind1=" " ind2=" ">
         <marc:subfield code="b">Institute for the Study of the Ancient World, </marc:subfield>
         <marc:subfield code="c">Large Collection</marc:subfield>
         <marc:subfield code="e">15 East 84th St., </marc:subfield>
         <marc:subfield code="e">New York, NY  10028</marc:subfield>
      </marc:datafield>
   </record>