
  
  
  
  
 
  
  <record xsi:schemaLocation="http://www.loc.gov/MARC21/slim http://www.loc.gov/standards/marcxml/schema/MARC21slim.xsd">
      <leader>00000cam  2200649 i 4500</leader>
      <controlfield tag="FMT">BK</controlfield>
      <controlfield tag="LDR">00000cam  2200649 i 4500</controlfield>
      <controlfield tag="001">004148141</controlfield>
      <controlfield tag="003">OCoLC</controlfield>
      <controlfield tag="005">20150611152215.0</controlfield>
      <controlfield tag="008">150611s2014    cc ab    b    100 0 chi d</controlfield>
      <datafield tag="010" ind1=" " ind2=" ">
         <subfield code="a">2015402014</subfield>
      </datafield>
      <datafield tag="020" ind1=" " ind2=" ">
         <subfield code="a">9787030417480</subfield>
      </datafield>
      <datafield tag="020" ind1=" " ind2=" ">
         <subfield code="a">7030417488</subfield>
      </datafield>
      <datafield tag="035" ind1=" " ind2=" ">
         <subfield code="a">(OCoLC)898115690</subfield>
      </datafield>
      <datafield tag="040" ind1=" " ind2=" ">
         <subfield code="a">BCBTC</subfield>
         <subfield code="b">eng</subfield>
         <subfield code="e">rda</subfield>
         <subfield code="c">BCBTC</subfield>
         <subfield code="d">DLC</subfield>
         <subfield code="d">CLU</subfield>
         <subfield code="d">YUS</subfield>
         <subfield code="d">OCLCF</subfield>
         <subfield code="d">ZCU</subfield>
         <subfield code="d">ZYU</subfield>
         <subfield code="d">NNU</subfield>
      </datafield>
      <datafield tag="042" ind1=" " ind2=" ">
         <subfield code="a">lccopycat</subfield>
      </datafield>
      <datafield tag="043" ind1=" " ind2=" ">
         <subfield code="a">a-cc-su</subfield>
      </datafield>
      <datafield tag="050" ind1="0" ind2="0">
         <subfield code="a">DS793.S62</subfield>
         <subfield code="b">H2922 2012</subfield>
      </datafield>
      <datafield tag="066" ind1=" " ind2=" ">
         <subfield code="c">$1</subfield>
      </datafield>
      <datafield tag="111" ind1="2" ind2=" ">
         <subfield code="6">880-01</subfield>
         <subfield code="a">Han dai Xiyu kao gu yu Han wen hua guo ji xue shu yan tao hui</subfield>
         <subfield code="d">(2012 :</subfield>
         <subfield code="c">Wulumuqi, China),</subfield>
         <subfield code="j">author.</subfield>
      </datafield>
      <datafield tag="245" ind1="1" ind2="0">
         <subfield code="6">880-02</subfield>
         <subfield code="a">Han dai Xiyu kao gu yu Han wen hua /</subfield>
         <subfield code="c">Zhongguo she hui ke xue yuan kao gu yan jiu suo, Xinjiang wen wu kao gu yan jiu suo bian.</subfield>
      </datafield>
      <datafield tag="250" ind1=" " ind2=" ">
         <subfield code="6">880-03</subfield>
         <subfield code="a">Di yi ban.</subfield>
      </datafield>
      <datafield tag="264" ind1=" " ind2="1">
         <subfield code="6">880-04</subfield>
         <subfield code="a">Beijing :</subfield>
         <subfield code="b">Ke xue chu ban she,</subfield>
         <subfield code="c">2014.</subfield>
      </datafield>
      <datafield tag="300" ind1=" " ind2=" ">
         <subfield code="a">ii, 510 pages :</subfield>
         <subfield code="b">illustrations, maps ;</subfield>
         <subfield code="c">27 cm</subfield>
      </datafield>
      <datafield tag="336" ind1=" " ind2=" ">
         <subfield code="a">text</subfield>
         <subfield code="b">txt</subfield>
         <subfield code="2">rdacontent</subfield>
      </datafield>
      <datafield tag="337" ind1=" " ind2=" ">
         <subfield code="a">unmediated</subfield>
         <subfield code="b">n</subfield>
         <subfield code="2">rdamedia</subfield>
      </datafield>
      <datafield tag="338" ind1=" " ind2=" ">
         <subfield code="a">volume</subfield>
         <subfield code="b">nc</subfield>
         <subfield code="2">rdacarrier</subfield>
      </datafield>
      <datafield tag="500" ind1=" " ind2=" ">
         <subfield code="a">Proceedings of "Han dai Xiyu kao gu yu Han wen hua guo ji xue shu yan tao hui", held on Oct. 2012 at Wulumuqi.</subfield>
      </datafield>
      <datafield tag="505" ind1="0" ind2="0">
         <subfield code="6">880-05</subfield>
         <subfield code="g">Shang bian.</subfield>
         <subfield code="t">Zai "Han dai Xiyu kao gu yu Han wen hua guo ji xue shu yan tao hui shang de zhi ci" /</subfield>
         <subfield code="r">Tieliwaerdi, Abudurexiti --</subfield>
         <subfield code="t">"Han dai Xiyu kao gu yu han wen hua guo ji xue shu yan tao hui" kai mu shi shang de jiang hua /</subfield>
         <subfield code="r">Tong Mingkang --</subfield>
         <subfield code="t">Zai "Han dai Xiyu kao gu yu Han wen hua guo ji xue shu yan tao hui" kai mu shi shang de zhi ci /</subfield>
         <subfield code="r">Wang Wei --</subfield>
         <subfield code="t">Zai "Han dai Xiyu kao gu yu Han wen hua guo ji xue shu yan tao hui" bi mu shi shang de zong jie jiang hua /</subfield>
         <subfield code="r">Bai Yunxiang --</subfield>
         <subfield code="t">Zai "Han dai Xiyu kao gu wen hua</subfield>
         <subfield code="t">Zai "Han dai Xiyu kao gu yu Han wen hua guo ji xue shu yan tao hui" bi mu shi shang de zhi ci /</subfield>
         <subfield code="r">Yan Xuemei --</subfield>
      </datafield>
      <datafield tag="505" ind1="0" ind2="0">
         <subfield code="6">880-06</subfield>
         <subfield code="t">Cong kau gu zi liao kan Han chao tong xia Xiyu de li shi jin cheng yu "An ji" ju cuo /</subfield>
         <subfield code="r">Yin Qing --</subfield>
         <subfield code="t">Cong kao gu zi liao kan Han Jin shi qi de Qiuci /</subfield>
         <subfield code="r">Yan Xuemei --</subfield>
         <subfield code="t">Han dai Xiyu di qu cheng shi de shui li she shi chu tan /</subfield>
         <subfield code="r">Zhang Jianfeng --</subfield>
         <subfield code="t">Guan yu Loulan yi zhi qun zhong de LE gu cheng /</subfield>
         <subfield code="r">Yitenminxiong, Xiangmaxiuguang --</subfield>
         <subfield code="t">Guan yu Loulan gu cheng xiao wang yuan yu Kongque He shang you hua po zhi zhi yi /</subfield>
         <subfield code="r">Tan Dahai --</subfield>
         <subfield code="t">Kongque He feng sui qun diao cha yu yan jiu /</subfield>
         <subfield code="r">Hu Xingjun --</subfield>
         <subfield code="t">Xinjiang Balikun Xian Dongheigou yi zhi suo jian Xiongnu ren xin yang chu tan /</subfield>
         <subfield code="r">Tian Xudong, Peng Jianying --</subfield>
         <subfield code="t">Loulan di qu Han Jin mu zang de chu bu fen xi /</subfield>
         <subfield code="r">Wei Zheng --</subfield>
         <subfield code="t">Yili He gu dong shi mu he pian shi mu yan jiu /</subfield>
         <subfield code="r">Wang Bo --</subfield>
         <subfield code="t">Xinjiang Wensu Xian Bozidun mu di chu tan /</subfield>
         <subfield code="r">Lu Lipeng --</subfield>
         <subfield code="t">Xinjiang Kuche Xian Tikemaike ye lian yi zhi he mu di chu bu yan jiu /</subfield>
         <subfield code="r">Ruan Qiurong --</subfield>
         <subfield code="t">Gong yuan qian 8 shi ji qian hou Aletai yu zhou ling di qu kao gu xue wen hua zhi kao cha: yi Dongtalede mu di wei li /</subfield>
         <subfield code="r">Yu Jianjun, Ma Jian --</subfield>
      </datafield>
      <datafield tag="505" ind1="0" ind2="0">
         <subfield code="6">880-07</subfield>
         <subfield code="g">Xia bian.</subfield>
         <subfield code="t">Lun Xinjiang Diqu Han Jin fu zhuang de shi yang : yi shang yi de cai zhi fang fa he zhuang shi gong yi wei zhong xin /</subfield>
         <subfield code="r">Wang Fang --</subfield>
         <subfield code="t">Xinjiang gu dai fang zhi pin zhong de jiao jing luo zhi wu qian xi /</subfield>
         <subfield code="r">Aliya.Tulahazi --</subfield>
         <subfield code="t">Cong kao gu fa xian kan Xinjiang gu dai ju min mian shi wen hua /</subfield>
         <subfield code="r">Anniwaer.Hasimu --</subfield>
         <subfield code="t">Wei Jin Shiliuguo shi qi Hexi yu Xiyu jian de shang ye mao yi /</subfield>
         <subfield code="r">Gao Rong --</subfield>
         <subfield code="t">"Dunhuang Taishou Pei Qinji gong bei" chu tu shi di ji ban ben yuan liu kao bian /</subfield>
         <subfield code="r">Wu Haojun --</subfield>
         <subfield code="t">Han jian zi liao zhong yu Xiyu guan lian de liang liao shi liao zai jian tao /</subfield>
         <subfield code="r">Zhang Junmin --</subfield>
         <subfield code="t">Moyan "Zhang Qian mu" bu wan Xu Xiaosheng : "Zhang Qian mu" fa jue si shi lue tan /</subfield>
         <subfield code="r">Liu Rui --</subfield>
         <subfield code="t">Heilongjiang Sheng Han dai kao gu yu xiang guan wen ti si kao /</subfield>
         <subfield code="r">Zhang Wei --</subfield>
         <subfield code="t">Han dai you wu Huan lin yuan ji Tian quan chi kao: shi ji zhong suo jian Fang (hua) lin yuan ji Tian yuan (quan) chi /</subfield>
         <subfield code="r">Wang Bo --</subfield>
         <subfield code="t">Jiuxi zhi na bi kao /</subfield>
         <subfield code="r">Xu Longguo --</subfield>
         <subfield code="t">Xi Han di ling xuan zhi yu xue tong chuan cheng yin su /</subfield>
         <subfield code="r">Ding Yan --</subfield>
         <subfield code="t">Han dai di wang ling mu zhong de yu gui de kao gu fa xian yu yan jiu /</subfield>
         <subfield code="r">Chen Jing --</subfield>
         <subfield code="t">Zhongguo gu dai de wei gou mu /</subfield>
         <subfield code="r">Liu Zhendong --</subfield>
         <subfield code="t">Xi'an Diqu Xi Han mu kao gu xue wen hua yin su fen xi /</subfield>
         <subfield code="r">Zhang Xiangyu --</subfield>
         <subfield code="t">Jiaodong Diqu Han mu xing zhi chu tan /</subfield>
         <subfield code="r">Yan Yong, Yang Fan, Diao Peng --</subfield>
      </datafield>
      <datafield tag="505" ind1="0" ind2="0">
         <subfield code="6">880-08</subfield>
         <subfield code="t">Zhejiang Han mu zong shu /</subfield>
         <subfield code="r">Hu Jigeng --</subfield>
         <subfield code="t">Guangxi Hepu Han mu chu tu tong bo lüe kao /</subfield>
         <subfield code="r">Xiong Zhaoming --</subfield>
         <subfield code="t">Qinghai Huzhu Xian Zeling Cun mu zang ji qi sui zang ma xing pai shi de zu shu he nian dai /</subfield>
         <subfield code="r">Pan Lin --</subfield>
         <subfield code="t">Cong Hexi di qu chu tu tao xi jin hu tan Han Jin shi qi Tuoba Xianbei de qian xi /</subfield>
         <subfield code="r">Liu Yumao, Gong Yangming --</subfield>
         <subfield code="t">Zang yi de yi zhi : dui Han dai tao yong gong neng de ling yi zhong quan shi /</subfield>
         <subfield code="r">Chen Yantang --</subfield>
         <subfield code="t">Xi Han bing ma yong yu "Che ma yi zhang tu" bo hua: chu xing nei rong de liang zhong biao xian /</subfield>
         <subfield code="r">Huang Peixian --</subfield>
         <subfield code="t">Zhangguo Qin Han jian "Lun Yu" de jiao liu yu wen xian kao gu wen ti /</subfield>
         <subfield code="r">Xu Jianwei --</subfield>
         <subfield code="t">Han dai Ming Yue guo yu Han zu ji qi zhou bian wen hua de jiao liu /</subfield>
         <subfield code="r">Mei Huaquan, Jiang Zhilong, Wan Man --</subfield>
         <subfield code="t">Dian xi Hengduan shan qu Han dai kao gu fa xian yu yan jiu /</subfield>
         <subfield code="r">Yang Yong --</subfield>
         <subfield code="t">Wen ming de peng zhuang yu zu quan zheng he : Han Jin shi qi Nan yi zu quan han hua he han ren yi hua kao gu guan cha /</subfield>
         <subfield code="r">Zhang Herong --</subfield>
         <subfield code="t">Gong yuan 2-3 shi ji nie pan jing xiang zai Zhongguo de liu chuan /</subfield>
         <subfield code="r">Wang Rui --</subfield>
         <subfield code="t">Cong Han dai yi shu pin zhong de hu ren xing xiang kan dan shi de wen hua jiao liu /</subfield>
         <subfield code="r">Yang Aiguo --</subfield>
         <subfield code="t">Cong kao gu zi liao lai kan Xiongnu de tie qi /</subfield>
         <subfield code="r">[Han] Wen Zaifan --</subfield>
         <subfield code="t">Wa zai dong fang de chuan bo : Yuelang wa zai tan tao /</subfield>
         <subfield code="r">[Ri] Zhongcunyaxizi --</subfield>
         <subfield code="t">Gong yuan qian 2 shi ji zhi Gong yuan 2 shi ji zhi jian de Gelifen he long /</subfield>
         <subfield code="r">[Ri] Lin Junxiong --</subfield>
         <subfield code="t">Dongnan Ya zao qi jin qi /</subfield>
         <subfield code="r">[De] Leiandi.</subfield>
      </datafield>
      <datafield tag="520" ind1=" " ind2=" ">
         <subfield code="6">880-09</subfield>
         <subfield code="a">Ben shu shai xuan can hui xue zhe lun wen zhong de 44 pian yi ji xiang guan jiang hua jie ji chu ban, nei rong bao kuo Han dai Xiyu kao gu fa xian yu yan jiu, Han dai Ci chou zhi lu yu Zhong xi wen hua jiao liu, Han dai kao gu fa xian yu yan jiu, Han dai li shi yu Han wen hua yan jiu deng fang mian. Zhe xie yan jiu nei rong guang fan, fan ying le dang qian xue shu jie dui yu Han dai Xiyu kao gu he Han dai li shi wen hua yan jiu de xin dong xiang, xin jing zhan he xin cheng guo.</subfield>
      </datafield>
      <datafield tag="504" ind1=" " ind2=" ">
         <subfield code="a">Includes bibliographical references.</subfield>
      </datafield>
      <datafield tag="651" ind1=" " ind2="0">
         <subfield code="a">Xinjiang Uygur Zizhiqu (China)</subfield>
         <subfield code="x">Antiquities</subfield>
         <subfield code="v">Congresses.</subfield>
      </datafield>
      <datafield tag="650" ind1=" " ind2="0">
         <subfield code="a">Excavations (Archaeology)</subfield>
         <subfield code="z">China</subfield>
         <subfield code="z">Xinjiang Uygur Zizhiqu</subfield>
         <subfield code="v">Congresses.</subfield>
      </datafield>
      <datafield tag="651" ind1=" " ind2="0">
         <subfield code="a">China</subfield>
         <subfield code="x">Civilization</subfield>
         <subfield code="y">221 B.C.-960 A.D.</subfield>
         <subfield code="v">Congresses.</subfield>
      </datafield>
      <datafield tag="650" ind1=" " ind2="0">
         <subfield code="a">Ethnoarchaeology</subfield>
         <subfield code="z">China, Northwest</subfield>
         <subfield code="v">Congresses.</subfield>
      </datafield>
      <datafield tag="650" ind1=" " ind2="7">
         <subfield code="a">Antiquities.</subfield>
         <subfield code="2">fast</subfield>
         <subfield code="0">(OCoLC)fst00810745</subfield>
      </datafield>
      <datafield tag="650" ind1=" " ind2="7">
         <subfield code="a">Excavations (Archaeology)</subfield>
         <subfield code="2">fast</subfield>
         <subfield code="0">(OCoLC)fst00917564</subfield>
      </datafield>
      <datafield tag="650" ind1=" " ind2="7">
         <subfield code="a">Civilization.</subfield>
         <subfield code="2">fast</subfield>
         <subfield code="0">(OCoLC)fst00862898</subfield>
      </datafield>
      <datafield tag="651" ind1=" " ind2="7">
         <subfield code="a">China.</subfield>
         <subfield code="2">fast</subfield>
         <subfield code="0">(OCoLC)fst01206073</subfield>
      </datafield>
      <datafield tag="651" ind1=" " ind2="7">
         <subfield code="a">China</subfield>
         <subfield code="z">Xinjiang Uygur Zizhiqu.</subfield>
         <subfield code="2">fast</subfield>
         <subfield code="0">(OCoLC)fst01212006</subfield>
      </datafield>
      <datafield tag="648" ind1=" " ind2="7">
         <subfield code="a">221 B.C. - 960 A.D.</subfield>
         <subfield code="2">fast</subfield>
      </datafield>
      <datafield tag="655" ind1=" " ind2="7">
         <subfield code="a">Conference proceedings.</subfield>
         <subfield code="2">fast</subfield>
         <subfield code="0">(OCoLC)fst01423772</subfield>
      </datafield>
      <datafield tag="710" ind1="2" ind2=" ">
         <subfield code="6">880-10</subfield>
         <subfield code="a">Zhongguo she hui ke xue yuan.</subfield>
         <subfield code="b">Kao gu yan jiu suo,</subfield>
         <subfield code="e">editor.</subfield>
      </datafield>
      <datafield tag="710" ind1="2" ind2=" ">
         <subfield code="6">880-11</subfield>
         <subfield code="a">Xinjiang wen wu kao gu yan jiu suo,</subfield>
         <subfield code="e">editor.</subfield>
      </datafield>
      <datafield tag="880" ind1="2" ind2=" ">
         <subfield code="6">111-01/</subfield>
         <subfield code="a">汉代西域考古与汉文化国际学术研讨会</subfield>
         <subfield code="d">(2012 :</subfield>
         <subfield code="c">Wulumuqi, China),</subfield>
         <subfield code="j">author.</subfield>
      </datafield>
      <datafield tag="880" ind1="1" ind2="0">
         <subfield code="6">245-02/</subfield>
         <subfield code="a">汉代西域考古与汉文化 /</subfield>
         <subfield code="c">中国社会科学院考古研究所, 新疆文物考古研究所编.</subfield>
      </datafield>
      <datafield tag="880" ind1=" " ind2=" ">
         <subfield code="6">250-03/</subfield>
         <subfield code="a">第一版.</subfield>
      </datafield>
      <datafield tag="880" ind1=" " ind2="1">
         <subfield code="6">264-04/</subfield>
         <subfield code="a">北京 :</subfield>
         <subfield code="b">科学出版社,</subfield>
         <subfield code="c">2014.</subfield>
      </datafield>
      <datafield tag="880" ind1="0" ind2="0">
         <subfield code="6">505-05/</subfield>
         <subfield code="g">上编.</subfield>
         <subfield code="t">在"汉代西域考古与汉文化国际学术研讨会”开幕式上的致辞" /</subfield>
         <subfield code="r">铁力瓦尔迪・阿不都热西提 --</subfield>
         <subfield code="t">"汉代西域考古与汉文化国际学术研讨会"开幕式上的讲话 /</subfield>
         <subfield code="r">童明康 --</subfield>
         <subfield code="t">在"汉代西域考古与汉文化国际学术研讨会"开幕式上的致辞 /</subfield>
         <subfield code="r">王巍 --</subfield>
         <subfield code="t">在"汉代西域考古与汉文化国际学术研讨会"闭幕式上的总结讲话 /</subfield>
         <subfield code="r">白云翔 --</subfield>
         <subfield code="t">"汉代西域考古与汉文化国际学术研讨会"在乌鲁木齐召开 /</subfield>
         <subfield code="r">王卫东 --</subfield>
         <subfield code="t">在"汉代西域考古与汉文化国际学术研讨会"闭幕式上的致辞 /</subfield>
         <subfield code="r">闫雪梅 --</subfield>
      </datafield>
      <datafield tag="880" ind1="0" ind2="0">
         <subfield code="6">505-06/</subfield>
         <subfield code="t">从考古资料看汉朝统辖西域的历史进程与"安辑"举措 /</subfield>
         <subfield code="r">殷晴 --</subfield>
         <subfield code="t">从考古资料看汉晋时期的龟兹 /</subfield>
         <subfield code="r">闫雪梅 --</subfield>
         <subfield code="t">汉代西域地区城市的水利设施初探 /</subfield>
         <subfield code="r">张建锋 --</subfield>
         <subfield code="t">关于楼兰遗址群中的LE古城 /</subfield>
         <subfield code="r">伊藤敏雄, 相马秀广 --</subfield>
         <subfield code="t">关于楼兰古城消亡源于孔雀河上游滑坡之质疑 /</subfield>
         <subfield code="r">覃大海 --</subfield>
         <subfield code="t">孔雀河烽燧群调查与研究 /</subfield>
         <subfield code="r">胡兴军 --</subfield>
         <subfield code="t">新疆巴里坤县东黑沟遗址所见匈奴人信仰初探 /</subfield>
         <subfield code="r">田旭东, 彭建英 --</subfield>
         <subfield code="t">楼兰地区汉晋墓葬的初步分析 /</subfield>
         <subfield code="r">韦正 --</subfield>
         <subfield code="t">伊犁河谷洞室墓和偏室墓研究 /</subfield>
         <subfield code="r">王博 --</subfield>
         <subfield code="t">新疆温宿县博孜墩墓地初探 /</subfield>
         <subfield code="r">鲁礼鹏 --</subfield>
         <subfield code="t">新疆库车县提克买克冶炼遗址和墓地初步研究 /</subfield>
         <subfield code="r">阮秋荣 --</subfield>
         <subfield code="t">公元前8世纪前后阿勒泰与周邻地区考古学文化之考察: 以东塔勒德墓地为例 /</subfield>
         <subfield code="r">于建军, 马健 --</subfield>
      </datafield>
      <datafield tag="880" ind1="0" ind2="0">
         <subfield code="6">505-07/</subfield>
         <subfield code="g">下编</subfield>
         <subfield code="t">论新疆地区汉晋服装的式样: 以上衣的裁制方法和装饰工艺为中心 /</subfield>
         <subfield code="r">王方 --</subfield>
         <subfield code="t">新疆古代纺织品中的绞经罗织物浅析 /</subfield>
         <subfield code="r">阿丽娅・托拉哈孜 --</subfield>
         <subfield code="t">从考古发现看新疆古代居民面食文化 /</subfield>
         <subfield code="r">安尼瓦尔・哈斯木 --</subfield>
         <subfield code="t">魏晋十六国时期河西与西域问的商业贸易 /</subfield>
         <subfield code="r">高荣 --</subfield>
         <subfield code="t">《敦煌太守裴岑纪功碑》出土时地及版本源流考辨 /</subfield>
         <subfield code="r">吴浩军 --</subfield>
         <subfield code="t">汉简资料中与西域关联的两条史料再检讨 /</subfield>
         <subfield code="r">张俊民 --</subfield>
         <subfield code="t">若言"张骞墓" 不忘徐旭生: "张骞墓"发掘四事略谈 /</subfield>
         <subfield code="r">刘瑞 --</subfield>
         <subfield code="t">黑龙江省汉代考古与相关问题思考 /</subfield>
         <subfield code="r">张伟 --</subfield>
         <subfield code="t">汉代有无华林园及天泉池考: 史籍中所见芳(华)林园及天渊(泉)池 /</subfield>
         <subfield code="r">汪勃 --</subfield>
         <subfield code="t">九锡之纳陛考 /</subfield>
         <subfield code="r">徐龙国 --</subfield>
         <subfield code="t">西汉帝陵选址与血统传承因素 /</subfield>
         <subfield code="r">丁岩 --</subfield>
         <subfield code="t">汉代帝王陵墓中玉圭的考古发现与研究 /</subfield>
         <subfield code="r">陈静 --</subfield>
         <subfield code="t">中国古代的围沟墓 /</subfield>
         <subfield code="r">刘振东 --</subfield>
         <subfield code="t">西安地区西汉墓考古学文化因素分析 /</subfield>
         <subfield code="r">张翔宇 --</subfield>
         <subfield code="t">胶东地区汉墓形制初探 /</subfield>
         <subfield code="r">闫勇, 杨帆, 刁鹏 --</subfield>
      </datafield>
      <datafield tag="880" ind1="0" ind2="0">
         <subfield code="6">505-08/</subfield>
         <subfield code="t">浙江汉墓综述 /</subfield>
         <subfield code="r">胡继根 --</subfield>
         <subfield code="t">广西合浦汉墓出土铜钹略考 /</subfield>
         <subfield code="r">熊昭明 --</subfield>
         <subfield code="t">青海互助县泽林村墓葬及其随葬马形牌饰的族属和年代 /</subfield>
         <subfield code="r">潘林 --</subfield>
         <subfield code="t">从河西地区出土陶细颈壶谈汉晋时期拓跋鲜卑的迁徙 /</subfield>
         <subfield code="r">刘雨茂, 龚扬明 --</subfield>
         <subfield code="t">葬仪的移植: 对汉代陶俑功能的另一种诠释 /</subfield>
         <subfield code="r">陈彦堂 --</subfield>
         <subfield code="t">西汉兵马俑与"车马仪仗图"帛画: 出行内容的两种表现 /</subfield>
         <subfield code="r">黄佩贤 --</subfield>
         <subfield code="t">战国秦汉间《论语》的流变与文献考古问题 /</subfield>
         <subfield code="r">徐建委 --</subfield>
         <subfield code="t">汉代闽越国与汉族及其周边文化的交流 /</subfield>
         <subfield code="r">梅华全, 蒋志龙, 万曼 --</subfield>
         <subfield code="t">滇西横断山区汉代考古发现及研究 /</subfield>
         <subfield code="r">杨勇 --</subfield>
         <subfield code="t">文明的碰撞与族群整合: 汉晋时期南夷族群汉化和汉人夷化考古观察 /</subfield>
         <subfield code="r">张合荣 --</subfield>
         <subfield code="t">公元2-3世纪涅槃经像在中国的流传 /</subfield>
         <subfield code="r">王睿 --</subfield>
         <subfield code="t">从汉代艺术品中的胡人形象看当时的文化交流 /</subfield>
         <subfield code="r">杨爱国 --</subfield>
         <subfield code="t">从考古资料来看匈奴的铁器 /</subfield>
         <subfield code="r">[韩]文载范 --</subfield>
         <subfield code="t">瓦在东方的传播: 乐浪瓦再探讨 /</subfield>
         <subfield code="r">[日]中村亚希子 --</subfield>
         <subfield code="t">公元前2世纪至公元2世纪之间的格里芬和龙 /</subfield>
         <subfield code="r">[日]林俊雄 --</subfield>
         <subfield code="t">东南亚早期金器 /</subfield>
         <subfield code="r">[德]雷安迪.</subfield>
      </datafield>
      <datafield tag="880" ind1=" " ind2=" ">
         <subfield code="6">520-09/</subfield>
         <subfield code="a">本书筛选参会学者论文中的44篇以及相关讲话结集出版, 内容包括汉代西域考古发现与研究、汉代丝绸之路与中西文化交流、汉代考古发现与研究、汉代历史与汉文化研究等方面. 这些研究内容广泛, 反映了当前学术界对于汉代西域考古和汉代历史文化研究的新动向、新进展和新成果.</subfield>
      </datafield>
      <datafield tag="880" ind1="2" ind2=" ">
         <subfield code="6">710-10/</subfield>
         <subfield code="a">中国社会科学院.</subfield>
         <subfield code="b">考古研究所,</subfield>
         <subfield code="e">editor.</subfield>
      </datafield>
      <datafield tag="880" ind1="2" ind2=" ">
         <subfield code="6">710-11/</subfield>
         <subfield code="a">新疆文物考古研究所,</subfield>
         <subfield code="e">editor.</subfield>
      </datafield>
      <datafield tag="994" ind1=" " ind2=" ">
         <subfield code="a">Z0</subfield>
         <subfield code="b">ZYU</subfield>
      </datafield>
      <datafield tag="OWN" ind1=" " ind2=" ">
         <subfield code="a">GENERAL</subfield>
      </datafield>
      <datafield tag="AVA" ind1=" " ind2=" ">
         <subfield code="a">NYU50</subfield>
         <subfield code="b">NISAW</subfield>
         <subfield code="c">Small Collection</subfield>
         <subfield code="d">DS793.S62 H2922 2012</subfield>
         <subfield code="e">available</subfield>
         <subfield code="t">Available</subfield>
         <subfield code="f">1</subfield>
         <subfield code="g">0</subfield>
         <subfield code="h">N</subfield>
         <subfield code="i">0</subfield>
         <subfield code="j">SMALL</subfield>
         <subfield code="k">0</subfield>
      </datafield>
      <marc:datafield tag="852" ind1=" " ind2=" ">
         <marc:subfield code="b">Institute for the Study of the Ancient World, </marc:subfield>
         <marc:subfield code="c">Small Collection</marc:subfield>
         <marc:subfield code="e">15 East 84th St., </marc:subfield>
         <marc:subfield code="e">New York, NY  10028</marc:subfield>
      </marc:datafield>
   </record>