
  
  
  
  
  
  
 
  
  <record xsi:schemaLocation="http://www.loc.gov/MARC21/slim http://www.loc.gov/standards/marcxml/schema/MARC21slim.xsd">
      <leader>00000cam a2200301 a 45M</leader>
      <controlfield tag="FMT">BK</controlfield>
      <controlfield tag="LDR">00000cam a2200301 a 45M</controlfield>
      <controlfield tag="001">001280796</controlfield>
      <controlfield tag="003">NNU</controlfield>
      <controlfield tag="005">20150612111445.0</controlfield>
      <controlfield tag="008">150612s1994    it abe   b    100 0 eng d</controlfield>
      <datafield tag="035" ind1="9" ind2=" ">
         <subfield code="a">NYUb11668453</subfield>
      </datafield>
      <datafield tag="035" ind1=" " ind2=" ">
         <subfield code="a">(OCoLC)ocm36078803</subfield>
      </datafield>
      <datafield tag="040" ind1=" " ind2=" ">
         <subfield code="a">C3L</subfield>
         <subfield code="c">C3L</subfield>
         <subfield code="d">NYP</subfield>
         <subfield code="d">NNU</subfield>
      </datafield>
      <datafield tag="043" ind1=" " ind2=" ">
         <subfield code="a">ac-----</subfield>
         <subfield code="a">me-----</subfield>
      </datafield>
      <datafield tag="045" ind1=" " ind2=" ">
         <subfield code="a">b0d3</subfield>
      </datafield>
      <datafield tag="050" ind1=" " ind2="4">
         <subfield code="a">DS328</subfield>
         <subfield code="b">.A735 1994</subfield>
      </datafield>
      <datafield tag="245" ind1="0" ind2="4">
         <subfield code="a">The archaeology of the steppes :</subfield>
         <subfield code="b">methods and strategies : papers from the International Symposium held in Naples, 9-12 November 1992 /</subfield>
         <subfield code="c">edited by Bruno Genito.</subfield>
      </datafield>
      <datafield tag="260" ind1=" " ind2=" ">
         <subfield code="a">Napoli :</subfield>
         <subfield code="b">Istituto universitario orientale,</subfield>
         <subfield code="c">1994.</subfield>
      </datafield>
      <datafield tag="300" ind1=" " ind2=" ">
         <subfield code="a">xxxvi, 730 p. :</subfield>
         <subfield code="b">ill., maps, plans ;</subfield>
         <subfield code="c">24 cm.</subfield>
      </datafield>
      <datafield tag="490" ind1="1" ind2=" ">
         <subfield code="a">Istituto universitario orientale, Dipartimento di studi asiatici. Series minor ;</subfield>
         <subfield code="v">44</subfield>
      </datafield>
      <datafield tag="500" ind1=" " ind2=" ">
         <subfield code="a">At head of title: Istituto universitario orientale, Dipartimento di studi asiatici. Istituto italiano per il Medio ed Estremo Oriente.</subfield>
      </datafield>
      <datafield tag="504" ind1=" " ind2=" ">
         <subfield code="a">Includes bibliographical references.</subfield>
      </datafield>
      <datafield tag="505" ind1="0" ind2="0">
         <subfield code="t">Body-painting and the roots of the Scytho-Siberian animal style /</subfield>
         <subfield code="r">Jettmar, Karl --</subfield>
         <subfield code="t">Role of the horse in the exploitation of steppes /</subfield>
         <subfield code="r">Bökönyi, Sándor --</subfield>
         <subfield code="t">Stages of development of stock breeding, husbandry, and the ecology of the stppes in the light of the archaeological and paleozoological data (4th millennium BC-8th century AD) /</subfield>
         <subfield code="r">Kuz'mina, Elena E. --</subfield>
         <subfield code="t">Long debated question: pastoralism in South-West China : A different approach /</subfield>
         <subfield code="r">Ciarla, Roberto --</subfield>
         <subfield code="t">Pastoralism and nomadism in South-West China : a brief survey of the archaeological evidence /</subfield>
         <subfield code="r">Orioli, Marcello --</subfield>
         <subfield code="t">Nomads of Eurasia in Strabo /</subfield>
         <subfield code="r">Bosi, Fausto --</subfield>
         <subfield code="t">North-Pontic region and the beginning of the Eneolithic in South-East and Central Europe /</subfield>
         <subfield code="r">Häusler, Alexander --</subfield>
         <subfield code="t">Horses, nomads and invasions from the Steppe from an Indo-European perspective /</subfield>
         <subfield code="r">Makkay, János --</subfield>
         <subfield code="t">Camps for eternal rests : some aspects of the burials by the earliest nomads of the steppe /</subfield>
         <subfield code="r">Ecsedy, István --</subfield>
         <subfield code="t">Archaeology of the steppes : steps towards the identification of culture-groups /</subfield>
         <subfield code="r">Genito, Bruno --</subfield>
         <subfield code="t">Geoarchaeology of the Kurgan Endröd 122 (S.E. Hungary) /</subfield>
         <subfield code="r">Cremaschi, Mauro --</subfield>
         <subfield code="t">Iron Age dwellings in Endröd 19 (S.E. Hungary) /</subfield>
         <subfield code="r">Cattani, Maurizio --</subfield>
         <subfield code="t">Pottery sequence and the Scythian period in Endröd 19 (S.E. Hungary) /</subfield>
         <subfield code="r">Guidi, Alessandro --</subfield>
         <subfield code="t">On the nature of the similarity and difference in the nomadic cultures of the Eurasian steppes of the 1st millennium BC /</subfield>
         <subfield code="r">Moškova, Marina G. --</subfield>
         <subfield code="t">"Scytho-Siberian cultural-historical unity" in the context of the "cultural horizon" archaeological phenomenon /</subfield>
         <subfield code="r">Bashilov, Vladimir A. --</subfield>
         <subfield code="t">Sarmatians as nomads /</subfield>
         <subfield code="r">Železčikov, Boris F. --</subfield>
         <subfield code="t">The Sarmatians of Volga-Don steppes and Rome in the first centuries AD /</subfield>
         <subfield code="r">Sergackov, Igor B. --</subfield>
         <subfield code="t">Sarmatian phenomenon /</subfield>
         <subfield code="r">Skripkin, Anatolij S. --</subfield>
      </datafield>
      <datafield tag="505" ind1="8" ind2="0">
         <subfield code="t">On nomadism in Central Asia between the Saka and the Xiongnu : the archaeological evidence /</subfield>
         <subfield code="r">Antonini, Chiara Silvi --</subfield>
         <subfield code="t">Saka and the Xiongnu : a comparative reading of literary and figurative sources /</subfield>
         <subfield code="r">Parlato, Sandra --</subfield>
         <subfield code="t">What can archaeology tell us about the economy of Khazaria /</subfield>
         <subfield code="r">Noonan, Thomas S. --</subfield>
         <subfield code="t">On the interpretation of early Scythian sites in Central Ciscaucasia /</subfield>
         <subfield code="r">Petrenko, Vladimira G. --</subfield>
         <subfield code="t">Early cattle-breeders of the South-Aral sea area : culture, craniology, language /</subfield>
         <subfield code="r">Jablonskij, Leonid T. --</subfield>
         <subfield code="t">Overview of the Xiongnu type cauldron finds of Eurasia in three media, with historical observations /</subfield>
         <subfield code="r">Érdy, Miklós --</subfield>
         <subfield code="t">Silk Road in medieval times : interpretation of problems and archaeological arguments (types of sources, direction of processes, and historical conclusions) /</subfield>
         <subfield code="r">Ecsedy, Ildikó --</subfield>
         <subfield code="t">Zoroastrian Pahlavi literature as a source for Central-Asian geography /</subfield>
         <subfield code="r">Carlo, Cereti --</subfield>
         <subfield code="t">System of socially marking grave goods in male burial complexes of the Alans of the Don /</subfield>
         <subfield code="r">Afanas'ev, Gennadij E. --</subfield>
         <subfield code="t">Climatic changes and nomadisation in Central Asia : ecology of the steppes and economy /</subfield>
         <subfield code="r">Brentjes, Burchard --</subfield>
         <subfield code="t">On the degree of similarity between material culture components within the "Scythian world" /</subfield>
         <subfield code="r">Členova, Natal'ja L. --</subfield>
         <subfield code="t">North Pontic steppic corridor in late prehistory : ecology, economy and cultural interaction /</subfield>
         <subfield code="r">Doluhanov, Pavel M. --</subfield>
         <subfield code="t">Settlements of Hsiung-nu /</subfield>
         <subfield code="r">Erdélyi, István --</subfield>
         <subfield code="t">Nomadic and sedentary life in the great steppe-belt of Eurasia /</subfield>
         <subfield code="r">Harmatta, János --</subfield>
         <subfield code="t">Results of the statistical analyses of funeral rites /</subfield>
         <subfield code="r">Ivanov, Vladimir A. ;</subfield>
         <subfield code="r">Garustovič, Gennadij N. --</subfield>
      </datafield>
      <datafield tag="505" ind1="8" ind2="0">
         <subfield code="t">Hungarian early Iron Age metal finds and their relation to the steppes /</subfield>
         <subfield code="r">Kemenczei, Tibor --</subfield>
         <subfield code="t">Sphere of applications of the 8th-10th centuries steppe-runic alphabets /</subfield>
         <subfield code="r">Kyzlasov, Igor L. --</subfield>
         <subfield code="t">Scythians of Herodotus and the archaeological evidence /</subfield>
         <subfield code="r">Levi, Mario A. --</subfield>
         <subfield code="t">"Scytho-siberian" world of Eurasia as a steppe cattle-breeding civilization of 7th-6th centuries BC /</subfield>
         <subfield code="r">Martynov, Anatolij --</subfield>
         <subfield code="t">Egalitarian foundations of the steppe empires /</subfield>
         <subfield code="r">Tosi, Maurizio --</subfield>
         <subfield code="t">Again on the influence and diffusion of the Scythian culture in the Yunnan Bronze Age /</subfield>
         <subfield code="r">Zengqi, Zhang --</subfield>
         <subfield code="t">Origin of Hunnish cauldrons in East-Europe /</subfield>
         <subfield code="r">Zaseckaja, Irina P. ;</subfield>
         <subfield code="r">Bokovenko, Nikolaj A.</subfield>
      </datafield>
      <datafield tag="651" ind1=" " ind2="0">
         <subfield code="a">Eurasia</subfield>
         <subfield code="x">Antiquities</subfield>
         <subfield code="v">Congresses.</subfield>
      </datafield>
      <datafield tag="651" ind1=" " ind2="0">
         <subfield code="a">Asia, Central</subfield>
         <subfield code="x">Antiquities</subfield>
         <subfield code="v">Congresses.</subfield>
      </datafield>
      <datafield tag="650" ind1=" " ind2="0">
         <subfield code="a">Steppes</subfield>
         <subfield code="z">Eurasia</subfield>
         <subfield code="x">History</subfield>
         <subfield code="v">Congresses.</subfield>
      </datafield>
      <datafield tag="650" ind1=" " ind2="0">
         <subfield code="a">Nomads</subfield>
         <subfield code="z">Eurasia</subfield>
         <subfield code="x">History</subfield>
         <subfield code="v">Congresses.</subfield>
      </datafield>
      <datafield tag="650" ind1=" " ind2="0">
         <subfield code="a">Scythians</subfield>
         <subfield code="v">Congresses.</subfield>
      </datafield>
      <datafield tag="700" ind1="1" ind2=" ">
         <subfield code="a">Genito, Bruno.</subfield>
      </datafield>
      <datafield tag="710" ind1="2" ind2=" ">
         <subfield code="a">Istituto universitario orientale (Naples, Italy).</subfield>
         <subfield code="b">Seminario di studi asiatici.</subfield>
      </datafield>
      <datafield tag="710" ind1="2" ind2=" ">
         <subfield code="a">Istituto italiano per il Medio ed Estremo Oriente.</subfield>
      </datafield>
      <datafield tag="830" ind1=" " ind2="0">
         <subfield code="a">Series minor (Istituto universitario orientale (Naples, Italy). Seminario di studi asiatici) ;</subfield>
         <subfield code="v">44.</subfield>
      </datafield>
      <datafield tag="OWN" ind1=" " ind2=" ">
         <subfield code="a">GENERAL</subfield>
      </datafield>
      <datafield tag="AVA" ind1=" " ind2=" ">
         <subfield code="a">NYU50</subfield>
         <subfield code="b">BOBST</subfield>
         <subfield code="c">Main Collection</subfield>
         <subfield code="d">DS328 .A735 1994</subfield>
         <subfield code="e">unavailable</subfield>
         <subfield code="t">Unavailable</subfield>
         <subfield code="f">1</subfield>
         <subfield code="g">1</subfield>
         <subfield code="h">N</subfield>
         <subfield code="i">12</subfield>
         <subfield code="j">MAIN</subfield>
         <subfield code="k">0</subfield>
      </datafield>
      <datafield tag="AVA" ind1=" " ind2=" ">
         <subfield code="a">NYU50</subfield>
         <subfield code="b">NIFA</subfield>
         <subfield code="c">Main Collection</subfield>
         <subfield code="d">DS328 .A735 1994 Non-circulating</subfield>
         <subfield code="e">available</subfield>
         <subfield code="t">Available</subfield>
         <subfield code="f">1</subfield>
         <subfield code="g">0</subfield>
         <subfield code="h">N</subfield>
         <subfield code="i">0</subfield>
         <subfield code="j">MAIN</subfield>
         <subfield code="k">0</subfield>
      </datafield>
      <datafield tag="AVA" ind1=" " ind2=" ">
         <subfield code="a">NYU50</subfield>
         <subfield code="b">NISAW</subfield>
         <subfield code="c">Small Collection</subfield>
         <subfield code="d">DS328 .A735 1994</subfield>
         <subfield code="e">available</subfield>
         <subfield code="t">Available</subfield>
         <subfield code="f">1</subfield>
         <subfield code="g">0</subfield>
         <subfield code="h">N</subfield>
         <subfield code="i">0</subfield>
         <subfield code="j">SMALL</subfield>
         <subfield code="k">0</subfield>
      </datafield>
      <marc:datafield tag="852" ind1=" " ind2=" ">
         <marc:subfield code="b">Institute for the Study of the Ancient World, </marc:subfield>
         <marc:subfield code="c">Small Collection</marc:subfield>
         <marc:subfield code="e">15 East 84th St., </marc:subfield>
         <marc:subfield code="e">New York, NY  10028</marc:subfield>
      </marc:datafield>
   </record>