
  
  
  
  
  
  
 
  
  <record xsi:schemaLocation="http://www.loc.gov/MARC21/slim http://www.loc.gov/standards/marcxml/schema/MARC21slim.xsd">
      <leader>00000cam  2200517 i 4500</leader>
      <controlfield tag="FMT">BK</controlfield>
      <controlfield tag="LDR">00000cam  2200517 i 4500</controlfield>
      <controlfield tag="001">002059556</controlfield>
      <controlfield tag="003">OCoLC</controlfield>
      <controlfield tag="005">20150616102308.0</controlfield>
      <controlfield tag="008">840507s1965    tu abcf  b    010 0 tur d</controlfield>
      <datafield tag="035" ind1=" " ind2=" ">
         <subfield code="a">(OCoLC)78757646</subfield>
         <subfield code="z">(OCoLC)28866853</subfield>
         <subfield code="z">(OCoLC)83004611</subfield>
      </datafield>
      <datafield tag="040" ind1=" " ind2=" ">
         <subfield code="a">OClMA</subfield>
         <subfield code="b">eng</subfield>
         <subfield code="e">rda</subfield>
         <subfield code="c">CMA</subfield>
         <subfield code="d">OCLCG</subfield>
         <subfield code="d">DEBBG</subfield>
         <subfield code="d">CUY</subfield>
         <subfield code="d">AN#</subfield>
         <subfield code="d">OCLCF</subfield>
         <subfield code="d">OCLCO</subfield>
         <subfield code="d">OCLCQ</subfield>
         <subfield code="d">NNU</subfield>
      </datafield>
      <datafield tag="041" ind1="0" ind2=" ">
         <subfield code="a">ger</subfield>
         <subfield code="a">eng</subfield>
         <subfield code="a">fre</subfield>
      </datafield>
      <datafield tag="043" ind1=" " ind2=" ">
         <subfield code="a">aw-----</subfield>
      </datafield>
      <datafield tag="050" ind1=" " ind2="4">
         <subfield code="a">DS41</subfield>
         <subfield code="b">.A55 v.2</subfield>
      </datafield>
      <datafield tag="084" ind1=" " ind2=" ">
         <subfield code="a">ER 200</subfield>
         <subfield code="2">rvk</subfield>
      </datafield>
      <datafield tag="090" ind1=" " ind2=" ">
         <subfield code="a">PJ26.B67</subfield>
         <subfield code="b">H46 1965</subfield>
         <subfield code="i">03/09/93 T</subfield>
         <subfield code="h">03/08/93 T</subfield>
      </datafield>
      <datafield tag="245" ind1="0" ind2="0">
         <subfield code="a">Helmuth Theodor Bossert' in hatirasina armağan.</subfield>
      </datafield>
      <datafield tag="246" ind1="1" ind2="5">
         <subfield code="a">In memoriam Helmuth Theodor Bossert.</subfield>
      </datafield>
      <datafield tag="264" ind1=" " ind2="1">
         <subfield code="a">İstanbul :</subfield>
         <subfield code="b">Edebiyat Fakültesi Basımevi,</subfield>
         <subfield code="c">1965.</subfield>
      </datafield>
      <datafield tag="300" ind1=" " ind2=" ">
         <subfield code="a">xxxi, 497 pages, 46 pages of plates :</subfield>
         <subfield code="b">illustrations, maps, portrait ;</subfield>
         <subfield code="c">25 cm.</subfield>
      </datafield>
      <datafield tag="336" ind1=" " ind2=" ">
         <subfield code="a">text</subfield>
         <subfield code="b">txt</subfield>
         <subfield code="2">rdacontent</subfield>
      </datafield>
      <datafield tag="337" ind1=" " ind2=" ">
         <subfield code="a">unmediated</subfield>
         <subfield code="b">n</subfield>
         <subfield code="2">rdamedia</subfield>
      </datafield>
      <datafield tag="338" ind1=" " ind2=" ">
         <subfield code="a">volume</subfield>
         <subfield code="b">nc</subfield>
         <subfield code="2">rdacarrier</subfield>
      </datafield>
      <datafield tag="490" ind1="1" ind2=" ">
         <subfield code="a">Anadolu araştirmalari : Istanbul Üniversitesi Edebiyat Fakültesi Eski Önasya Dilleri ve Kültürleri Kürsüsü tarafindan çıkarılır ;</subfield>
         <subfield code="v">cilt II, sayı 1-2 =</subfield>
         <subfield code="a">Jahrbuch für Kleinasiatische Forschung ;</subfield>
         <subfield code="v">Bd. II, Heft 1-2</subfield>
      </datafield>
      <datafield tag="500" ind1=" " ind2=" ">
         <subfield code="a">Added t.p. in German.</subfield>
      </datafield>
      <datafield tag="500" ind1=" " ind2=" ">
         <subfield code="a">Contributions in English, French, German or Turkish.</subfield>
      </datafield>
      <datafield tag="500" ind1=" " ind2=" ">
         <subfield code="a">ISAW copy is from the Library of Hayim and Miriam Tadmor.</subfield>
         <subfield code="5">NNU</subfield>
      </datafield>
      <datafield tag="504" ind1=" " ind2=" ">
         <subfield code="a">"Bibliographie von Helmuth Theodor Bossert: " p. xviv-xxxi.</subfield>
      </datafield>
      <datafield tag="504" ind1=" " ind2=" ">
         <subfield code="a">Includes bibliographical references.</subfield>
      </datafield>
      <datafield tag="505" ind1="0" ind2="0">
         <subfield code="t">Prof. Dr. H. Th. Bossert, 11.IX.1889 - 5.II.1961 /</subfield>
         <subfield code="r">Alkım, U. Bahadır --</subfield>
         <subfield code="t">Prof. Dr. H. Th. Bossert : ölümü dolayısiyle /</subfield>
         <subfield code="r">Mengüşoğlu, Takiyettin --</subfield>
         <subfield code="t">Bibliographie von Helmuth Theodor Bossert /</subfield>
         <subfield code="r">Alkım, U. Bahadır --</subfield>
         <subfield code="t">Road from Sam'al to Asitawandawa : contributions to the historical geography of the Amanus region /</subfield>
         <subfield code="r">Alkım, U. Bahadır --</subfield>
         <subfield code="t">Balakros /</subfield>
         <subfield code="r">Aulock, H. von --</subfield>
         <subfield code="t">Urartean mirror /</subfield>
         <subfield code="r">Barnett, R.D. --</subfield>
         <subfield code="t">Inscriptions from Selge /</subfield>
         <subfield code="r">Bean, G.E. --</subfield>
         <subfield code="t">Zeichen "Sonne" in der hethitischen Hieroglyphenschrift /</subfield>
         <subfield code="r">Beran, Thomas --</subfield>
         <subfield code="t">Notizen über einige paphlagonische Felsgräber /</subfield>
         <subfield code="r">Bittel, Kurt ;</subfield>
         <subfield code="r">Naumann, Rudolf --</subfield>
         <subfield code="t">Beitrag zu den frühkykladischen Fundgruppen /</subfield>
         <subfield code="r">Bossert, Eva-Maria --</subfield>
         <subfield code="t">Sarkophag aus Yunuslar /</subfield>
         <subfield code="r">Boysal, Yusuf --</subfield>
         <subfield code="t">Vorgriechischen Völker- und Sprachgruppen in der Aegaeis /</subfield>
         <subfield code="r">Brandenstein, Wilhelm --</subfield>
         <subfield code="t">Scleuder als Waffe im ägäischen Kulturkreis /</subfield>
         <subfield code="r">Buchholz, H.-G. --</subfield>
         <subfield code="t">Chronologie des XIVe et XIIIe siècles d'après les derniers travaux /</subfield>
         <subfield code="r">Cavaignac, E. --</subfield>
         <subfield code="t">Antahschum-Pflanze /</subfield>
         <subfield code="r">Cornelius, F. --</subfield>
         <subfield code="t">Expansion préhistorique du fer et les noms de ce metal en grec ancien et en latin /</subfield>
         <subfield code="r">Deroy, L. --</subfield>
         <subfield code="t">Mopsos, Arzt der Manschen-Mit einem Anhang : eine Ehreninschrift aus Erzin /</subfield>
         <subfield code="r">Doblhofer, Ernst --</subfield>
         <subfield code="t">Inscription araméene de Bahadırlı (Cilicie) /</subfield>
         <subfield code="r">Dupont-Sommer, A. --</subfield>
         <subfield code="t">Ursprung der Omphalosschalen /</subfield>
         <subfield code="r">Ekholm, Gunnar --</subfield>
         <subfield code="t">Zwei althethitische Tongefässe /</subfield>
         <subfield code="r">Fischer, Franz --</subfield>
         <subfield code="t">On some old and new hieroglyphic Hittite seals /</subfield>
         <subfield code="r">Gelb, I.J. --</subfield>
         <subfield code="t">Abraham the "Basileus" /</subfield>
         <subfield code="r">Gordon, Cyrus H. --</subfield>
         <subfield code="t">Thurible from Dağ Pazarı /</subfield>
         <subfield code="r">Gough, Michael --</subfield>
         <subfield code="t">Übersehene Zeichen der kretischen Linearschrift A /</subfield>
         <subfield code="r">Grumach, Ernst --</subfield>
         <subfield code="t">Armenian "gišer," Latin "uesper" /</subfield>
         <subfield code="r">Hamp, Eric P. --</subfield>
         <subfield code="t">Image of an Anatolian goddess at Sardis /</subfield>
         <subfield code="r">Hanfmann, G.M.A. ;</subfield>
         <subfield code="r">Baltmuth, M.S. --</subfield>
         <subfield code="t">Buchstabe "ğ" der ugaritischen Schrift /</subfield>
         <subfield code="r">Jirku, Anton --</subfield>
      </datafield>
      <datafield tag="505" ind1="8" ind2="0">
         <subfield code="t">Anmerkungen zu der Arbeit "The Hittite relative sentence" von Warren H. Held /</subfield>
         <subfield code="r">Kalaç, Mustafa --</subfield>
         <subfield code="t">Lykisch "*wawa" /</subfield>
         <subfield code="r">Kischimoto, Michio --</subfield>
         <subfield code="t">Two Sumerian verbs meaning "take delivery" /</subfield>
         <subfield code="r">Kızılyay, H. ;</subfield>
         <subfield code="r">Çiğ, M. --</subfield>
         <subfield code="t">Assload and other old Assyrian measures of capacity /</subfield>
         <subfield code="r">Lewy, Hildegard --</subfield>
         <subfield code="t">Old Assyrian evidence concerning "Kuşşara" and its location /</subfield>
         <subfield code="r">Lewy, Julius --</subfield>
         <subfield code="t">Mita, Mushki and Phrygians /</subfield>
         <subfield code="r">Mellink, Machteld J. --</subfield>
         <subfield code="t">Ba'al de Sidon /</subfield>
         <subfield code="r">Naster, Paul --</subfield>
         <subfield code="t">Zur bildluwischen Inschrift auf der Babylonschale (Mess. I 3) /</subfield>
         <subfield code="r">Neumann, G. --</subfield>
         <subfield code="t">Some links between the Hurrians and the language of the Exodus /</subfield>
         <subfield code="r">North, R. --</subfield>
         <subfield code="t">Zur Bildung des Ablativs der Einzahl im Hethitischen und Armenischen /</subfield>
         <subfield code="r">Pisani, Vittore --</subfield>
         <subfield code="t">Kurze Bemerkungen zu den Ortsnamen der Tafel Wengler 22 /</subfield>
         <subfield code="r">Pohl, A. --</subfield>
         <subfield code="t">Some seals from Acemhöyük /</subfield>
         <subfield code="r">Porada, E. --</subfield>
         <subfield code="t">Symbolzeichen der altvorderasiatischen Kunst und seine Bedeutung /</subfield>
         <subfield code="r">Potratz, J.A.H. --</subfield>
         <subfield code="t">Hethiter im Chaburgebiet /</subfield>
         <subfield code="r">Rimeschneider, Margarete --</subfield>
         <subfield code="t">Luwisch "muwai : muwanti" /</subfield>
         <subfield code="r">Rosenkranz, B. --</subfield>
         <subfield code="t">Zur Rolle der Luwier in der Frühgeschichte /</subfield>
         <subfield code="r">Schachermeyer, Fritz --</subfield>
         <subfield code="t">Archéologie de l'Asie Occidentale /</subfield>
         <subfield code="r">Schaeffer, M.Cl.F.A. --</subfield>
         <subfield code="t">Bemerkungen zur Grossfauna Altmesopotamiens /</subfield>
         <subfield code="r">Schmökel, H. --</subfield>
         <subfield code="t">Sonderformen hethitischer Staatsverträge /</subfield>
         <subfield code="r">Schuler, Einar von --</subfield>
         <subfield code="t">Bildhethitische Relativpronomen u.a. /</subfield>
         <subfield code="r">Steinherr, Franz --</subfield>
         <subfield code="t">Larischen Sprachen /</subfield>
         <subfield code="r">Stoltenberger, H.L. --</subfield>
         <subfield code="t">Vase hittite en frome d'anneau /</subfield>
         <subfield code="r">Sümer, Osman --</subfield>
         <subfield code="t">Two groups among the sea peoples /</subfield>
         <subfield code="r">Wainwright, G.A. --</subfield>
         <subfield code="t">"Demeter," nom grec d'une déese égéenne /</subfield>
         <subfield code="r">Windekens, A.J. van.</subfield>
      </datafield>
      <datafield tag="546" ind1=" " ind2=" ">
         <subfield code="a">Articles in German, English, and French.</subfield>
      </datafield>
      <datafield tag="651" ind1=" " ind2="0">
         <subfield code="a">Turkey</subfield>
         <subfield code="x">Antiquities.</subfield>
      </datafield>
      <datafield tag="651" ind1=" " ind2="0">
         <subfield code="a">Middle East</subfield>
         <subfield code="x">Antiquities.</subfield>
      </datafield>
      <datafield tag="650" ind1=" " ind2="0">
         <subfield code="a">Oriental philology.</subfield>
      </datafield>
      <datafield tag="650" ind1=" " ind2="7">
         <subfield code="a">Festschriften.</subfield>
         <subfield code="2">fast</subfield>
         <subfield code="0">(OCoLC)fst00923352</subfield>
      </datafield>
      <datafield tag="700" ind1="1" ind2=" ">
         <subfield code="a">Bossert, Helmuth Theodor,</subfield>
         <subfield code="d">1889-1961,</subfield>
         <subfield code="e">honoree.</subfield>
      </datafield>
      <datafield tag="796" ind1="1" ind2=" ">
         <subfield code="a">Tadmor, Hayim,</subfield>
         <subfield code="e">former owner.</subfield>
      </datafield>
      <datafield tag="796" ind1="1" ind2=" ">
         <subfield code="a">Tadmor, Miriam,</subfield>
         <subfield code="e">former owner.</subfield>
      </datafield>
      <datafield tag="797" ind1="2" ind2=" ">
         <subfield code="a">Tadmor Collection.</subfield>
      </datafield>
      <datafield tag="830" ind1=" " ind2="0">
         <subfield code="a">Jahrbuch für kleinasiatische Forschung ;</subfield>
         <subfield code="v">Bd. II, Heft 1-2.</subfield>
      </datafield>
      <datafield tag="OWN" ind1=" " ind2=" ">
         <subfield code="a">GENERAL</subfield>
      </datafield>
      <datafield tag="998" ind1=" " ind2=" ">
         <subfield code="a">03/09/93</subfield>
         <subfield code="t">c</subfield>
         <subfield code="s">9124</subfield>
         <subfield code="n">NNU</subfield>
         <subfield code="w">NYUG93B9171</subfield>
         <subfield code="d">03/08/93</subfield>
         <subfield code="b">JR</subfield>
         <subfield code="i">930309</subfield>
         <subfield code="h">930308</subfield>
         <subfield code="l">NYUG</subfield>
      </datafield>
      <datafield tag="AVA" ind1=" " ind2=" ">
         <subfield code="a">NYU50</subfield>
         <subfield code="b">NIFA</subfield>
         <subfield code="c">Main Collection</subfield>
         <subfield code="d">DS42.4 .A6 Non-circulating</subfield>
         <subfield code="e">unavailable</subfield>
         <subfield code="t">Unavailable</subfield>
         <subfield code="f">1</subfield>
         <subfield code="g">1</subfield>
         <subfield code="h">N</subfield>
         <subfield code="i">0</subfield>
         <subfield code="j">MAIN</subfield>
         <subfield code="k">0</subfield>
      </datafield>
      <datafield tag="AVA" ind1=" " ind2=" ">
         <subfield code="a">NYU50</subfield>
         <subfield code="b">NISAW</subfield>
         <subfield code="c">Small Collection</subfield>
         <subfield code="d">PJ26.B67 H46 1965</subfield>
         <subfield code="e">available</subfield>
         <subfield code="t">Available</subfield>
         <subfield code="f">1</subfield>
         <subfield code="g">0</subfield>
         <subfield code="h">N</subfield>
         <subfield code="i">0</subfield>
         <subfield code="j">SMALL</subfield>
         <subfield code="k">0</subfield>
      </datafield>
      <marc:datafield tag="852" ind1=" " ind2=" ">
         <marc:subfield code="b">Institute for the Study of the Ancient World, </marc:subfield>
         <marc:subfield code="c">Small Collection</marc:subfield>
         <marc:subfield code="e">15 East 84th St., </marc:subfield>
         <marc:subfield code="e">New York, NY  10028</marc:subfield>
      </marc:datafield>
   </record>