
  
  
  
  
  
  
  
 
  
  <record xsi:schemaLocation="http://www.loc.gov/MARC21/slim http://www.loc.gov/standards/marcxml/schema/MARC21slim.xsd">
      <leader>00000cam  2200553 i 4500</leader>
      <controlfield tag="FMT">BK</controlfield>
      <controlfield tag="LDR">00000cam  2200553 i 4500</controlfield>
      <controlfield tag="001">004150204</controlfield>
      <controlfield tag="003">OCoLC</controlfield>
      <controlfield tag="005">20150617134305.0</controlfield>
      <controlfield tag="008">150617s2014    cc ab    b    000 0 chi d</controlfield>
      <datafield tag="020" ind1=" " ind2=" ">
         <subfield code="a">9787501040506</subfield>
      </datafield>
      <datafield tag="020" ind1=" " ind2=" ">
         <subfield code="a">7501040508</subfield>
      </datafield>
      <datafield tag="035" ind1=" " ind2=" ">
         <subfield code="a">(OCoLC)893941194</subfield>
      </datafield>
      <datafield tag="040" ind1=" " ind2=" ">
         <subfield code="a">BCBTC</subfield>
         <subfield code="b">eng</subfield>
         <subfield code="e">rda</subfield>
         <subfield code="c">BCBTC</subfield>
         <subfield code="d">OCLCO</subfield>
         <subfield code="d">CNPIT</subfield>
         <subfield code="d">XFF</subfield>
         <subfield code="d">YUS</subfield>
         <subfield code="d">OCLCF</subfield>
         <subfield code="d">LGG</subfield>
         <subfield code="d">ZYU</subfield>
         <subfield code="d">NNU</subfield>
      </datafield>
      <datafield tag="043" ind1=" " ind2=" ">
         <subfield code="a">a-cc-im</subfield>
      </datafield>
      <datafield tag="050" ind1=" " ind2="4">
         <subfield code="a">DS793.G67</subfield>
         <subfield code="b">N44 2014</subfield>
      </datafield>
      <datafield tag="066" ind1=" " ind2=" ">
         <subfield code="c">$1</subfield>
      </datafield>
      <datafield tag="245" ind1="0" ind2="0">
         <subfield code="6">880-01</subfield>
         <subfield code="a">Nei Menggu Zizhiqu Chang Cheng zi yuan diao cha bao gao.</subfield>
         <subfield code="p">Bei Wei Chang Cheng juan /</subfield>
         <subfield code="c">Nei Menggu Zizhiqu wen hua ting (wen wu ju), Nei Menggu Zizhiqu wen wu kao gu yan jiu suo bian zhu.</subfield>
      </datafield>
      <datafield tag="246" ind1="3" ind2="0">
         <subfield code="6">880-02</subfield>
         <subfield code="a">Bei Wei Chang Cheng juan</subfield>
      </datafield>
      <datafield tag="250" ind1=" " ind2=" ">
         <subfield code="6">880-03</subfield>
         <subfield code="a">Di 1 ban.</subfield>
      </datafield>
      <datafield tag="264" ind1=" " ind2="1">
         <subfield code="6">880-04</subfield>
         <subfield code="a">Beijing :</subfield>
         <subfield code="b">Wen wu chu ban she,</subfield>
         <subfield code="c">2014.</subfield>
      </datafield>
      <datafield tag="300" ind1=" " ind2=" ">
         <subfield code="a">12, 240 pages :</subfield>
         <subfield code="b">illustrations (chiefly color), maps ;</subfield>
         <subfield code="c">30 cm</subfield>
      </datafield>
      <datafield tag="336" ind1=" " ind2=" ">
         <subfield code="a">text</subfield>
         <subfield code="b">txt</subfield>
         <subfield code="2">rdacontent</subfield>
      </datafield>
      <datafield tag="337" ind1=" " ind2=" ">
         <subfield code="a">unmediated</subfield>
         <subfield code="b">n</subfield>
         <subfield code="2">rdamedia</subfield>
      </datafield>
      <datafield tag="338" ind1=" " ind2=" ">
         <subfield code="a">volume</subfield>
         <subfield code="b">nc</subfield>
         <subfield code="2">rdacarrier</subfield>
      </datafield>
      <datafield tag="504" ind1=" " ind2=" ">
         <subfield code="a">Includes bibliographical references (pages 119-121).</subfield>
      </datafield>
      <datafield tag="520" ind1=" " ind2=" ">
         <subfield code="6">880-05</subfield>
         <subfield code="a">Ben shu chu bu jiang Nei Menggu Zizhiqu jing nei de Bei Wei Chang Cheng fei wei si tiao xian lu. Di yi tiao wei Taichang ba nian Chang Cheng, shi zhu yu Taichang ba nian (423) er yu, zhu yao xiu shan li yong le Qin Han Chang Cheng. Di er tiao wei Liuzhen Chang Cheng nan xian, zhu yao fen bu yu Yin Shan shan mai yi bei de Wulanchabu cao yuan. Di san tiao wei Liuzhen Chang Cheng bei xian, you dong xiang xi fen bu yu Siziwang Qi, Daerhanmaominglianghe Qi he Wuchuan Xian jing nei. Di si tiao wei Taihe chang qian, dong zi Hebei Sheng Fengning Man Zu Zizhixian shen ru Xilingulle Meng Duolun Xian, Zhenglan Qi jing nei, xiu zhu yu Taihe nian jian.</subfield>
      </datafield>
      <datafield tag="651" ind1=" " ind2="0">
         <subfield code="a">Great Wall of China (China)</subfield>
         <subfield code="x">History</subfield>
         <subfield code="y">To 618.</subfield>
      </datafield>
      <datafield tag="650" ind1=" " ind2="0">
         <subfield code="a">Walls</subfield>
         <subfield code="z">China</subfield>
         <subfield code="z">Inner Mongolia</subfield>
         <subfield code="x">History</subfield>
         <subfield code="y">To 618.</subfield>
      </datafield>
      <datafield tag="651" ind1=" " ind2="0">
         <subfield code="a">Inner Mongolia (China)</subfield>
         <subfield code="x">Antiquities.</subfield>
      </datafield>
      <datafield tag="650" ind1=" " ind2="7">
         <subfield code="a">Antiquities.</subfield>
         <subfield code="2">fast</subfield>
         <subfield code="0">(OCoLC)fst00810745</subfield>
      </datafield>
      <datafield tag="650" ind1=" " ind2="7">
         <subfield code="a">Walls.</subfield>
         <subfield code="2">fast</subfield>
         <subfield code="0">(OCoLC)fst01170190</subfield>
      </datafield>
      <datafield tag="651" ind1=" " ind2="7">
         <subfield code="a">China</subfield>
         <subfield code="z">Great Wall of China.</subfield>
         <subfield code="2">fast</subfield>
         <subfield code="0">(OCoLC)fst01759610</subfield>
      </datafield>
      <datafield tag="651" ind1=" " ind2="7">
         <subfield code="a">China</subfield>
         <subfield code="z">Inner Mongolia.</subfield>
         <subfield code="2">fast</subfield>
         <subfield code="0">(OCoLC)fst01211883</subfield>
      </datafield>
      <datafield tag="655" ind1=" " ind2="7">
         <subfield code="a">History.</subfield>
         <subfield code="2">fast</subfield>
         <subfield code="0">(OCoLC)fst01411628</subfield>
      </datafield>
      <datafield tag="710" ind1="1" ind2=" ">
         <subfield code="6">880-06</subfield>
         <subfield code="a">Inner Mongolia (China).</subfield>
         <subfield code="b">Soyul-un Tangkim,</subfield>
         <subfield code="e">editor.</subfield>
      </datafield>
      <datafield tag="710" ind1="2" ind2=" ">
         <subfield code="6">880-07</subfield>
         <subfield code="a">Nei Menggu wen wu kao gu yan jiu suo,</subfield>
         <subfield code="e">editor.</subfield>
      </datafield>
      <datafield tag="880" ind1="0" ind2="0">
         <subfield code="6">245-01/</subfield>
         <subfield code="a">内蒙古自治区长城资源调查报告.</subfield>
         <subfield code="p">北魏长城卷 /</subfield>
         <subfield code="c">内蒙古自治区文化厅(文物局), 内蒙古自治区文物考古研究所编著.</subfield>
      </datafield>
      <datafield tag="880" ind1="3" ind2="0">
         <subfield code="6">246-02/</subfield>
         <subfield code="a">北魏长城卷</subfield>
      </datafield>
      <datafield tag="880" ind1=" " ind2=" ">
         <subfield code="6">250-03/</subfield>
         <subfield code="a">第 1 版.</subfield>
      </datafield>
      <datafield tag="880" ind1=" " ind2="1">
         <subfield code="6">264-04/</subfield>
         <subfield code="a">北京 :</subfield>
         <subfield code="b">文物出版社,</subfield>
         <subfield code="c">2014.</subfield>
      </datafield>
      <datafield tag="880" ind1=" " ind2=" ">
         <subfield code="6">520-05/</subfield>
         <subfield code="a">本书初步将内蒙古自治区境内的北魏长城分为四条线路。第一条为泰常八年长城，始筑于泰常八年（423年）二月，主要修缮利用了秦汉长城。 第二条为六镇长城南线，主要分布于阴山山脉以北的乌兰察布草原。第三条为六镇长城北线，由东向西分布于四子王旗、达尔罕茂明安联合旗和武川县境内。第四条为太和长堑，东自河北省丰宁满族自治县伸入锡林郭勒盟多伦县、正蓝旗境内，修筑于太和年间。</subfield>
      </datafield>
      <datafield tag="880" ind1="1" ind2=" ">
         <subfield code="6">710-06/</subfield>
         <subfield code="a">內蒙古 (中囯).</subfield>
         <subfield code="b">文化厅,</subfield>
         <subfield code="e">editor.</subfield>
      </datafield>
      <datafield tag="880" ind1="2" ind2=" ">
         <subfield code="6">710-07/</subfield>
         <subfield code="a">内蒙古自治区文物考古研究所,</subfield>
         <subfield code="e">editor.</subfield>
      </datafield>
      <datafield tag="994" ind1=" " ind2=" ">
         <subfield code="a">Z0</subfield>
         <subfield code="b">ZYU</subfield>
      </datafield>
      <datafield tag="OWN" ind1=" " ind2=" ">
         <subfield code="a">GENERAL</subfield>
      </datafield>
      <datafield tag="AVA" ind1=" " ind2=" ">
         <subfield code="a">NYU50</subfield>
         <subfield code="b">NISAW</subfield>
         <subfield code="c">Large Collection</subfield>
         <subfield code="d">DS793.G67 N44 2014</subfield>
         <subfield code="e">available</subfield>
         <subfield code="t">Available</subfield>
         <subfield code="f">1</subfield>
         <subfield code="g">0</subfield>
         <subfield code="h">N</subfield>
         <subfield code="i">0</subfield>
         <subfield code="j">LARGE</subfield>
         <subfield code="k">0</subfield>
      </datafield>
      <marc:datafield tag="852" ind1=" " ind2=" ">
         <marc:subfield code="b">Institute for the Study of the Ancient World, </marc:subfield>
         <marc:subfield code="c">Large Collection</marc:subfield>
         <marc:subfield code="e">15 East 84th St., </marc:subfield>
         <marc:subfield code="e">New York, NY  10028</marc:subfield>
      </marc:datafield>
   </record>