
  
  
  
  
 
  
  <record xsi:schemaLocation="http://www.loc.gov/MARC21/slim http://www.loc.gov/standards/marcxml/schema/MARC21slim.xsd">
      <leader>00000cam  2200601 i 4500</leader>
      <controlfield tag="FMT">BK</controlfield>
      <controlfield tag="LDR">00000cam  2200601 i 4500</controlfield>
      <controlfield tag="001">004150231</controlfield>
      <controlfield tag="003">OCoLC</controlfield>
      <controlfield tag="005">20150617145038.0</controlfield>
      <controlfield tag="008">150617s2013    cc ac         000 0 chi d</controlfield>
      <datafield tag="010" ind1=" " ind2=" ">
         <subfield code="a">2014487228</subfield>
      </datafield>
      <datafield tag="020" ind1=" " ind2=" ">
         <subfield code="a">9787501036882</subfield>
      </datafield>
      <datafield tag="020" ind1=" " ind2=" ">
         <subfield code="a">7501036888</subfield>
      </datafield>
      <datafield tag="035" ind1=" " ind2=" ">
         <subfield code="a">(OCoLC)876810643</subfield>
      </datafield>
      <datafield tag="040" ind1=" " ind2=" ">
         <subfield code="a">CCHGZ</subfield>
         <subfield code="b">eng</subfield>
         <subfield code="e">rda</subfield>
         <subfield code="c">CCHGZ</subfield>
         <subfield code="d">DLC</subfield>
         <subfield code="d">OCLCF</subfield>
         <subfield code="d">XFF</subfield>
         <subfield code="d">NNU</subfield>
      </datafield>
      <datafield tag="042" ind1=" " ind2=" ">
         <subfield code="a">lccopycat</subfield>
      </datafield>
      <datafield tag="043" ind1=" " ind2=" ">
         <subfield code="a">a-cc-im</subfield>
      </datafield>
      <datafield tag="050" ind1="0" ind2="4">
         <subfield code="a">DS797.54.O74</subfield>
         <subfield code="b">N664 2013</subfield>
      </datafield>
      <datafield tag="050" ind1="0" ind2="0">
         <subfield code="a">DS797.54.E464</subfield>
         <subfield code="b">N664 2013</subfield>
      </datafield>
      <datafield tag="066" ind1=" " ind2=" ">
         <subfield code="c">$1</subfield>
      </datafield>
      <datafield tag="245" ind1="0" ind2="0">
         <subfield code="6">880-01</subfield>
         <subfield code="a">Nong geng you mu, peng zhuang jiao rong :</subfield>
         <subfield code="b">Eerduosi tong shi chen lie = Impact and mingling of agriculture and nomadism : the exhibition of the general history of Ordos = Tariyalal negu̇del maljil, mȯrgu̇ldu̇l abcildul : Ordos-un nebterkei teu̇ke-yin delgen u̇jegu̇lu̇lge /</subfield>
         <subfield code="c">Eerduosi bo wu guan bian zhu.</subfield>
      </datafield>
      <datafield tag="246" ind1="3" ind2="0">
         <subfield code="6">880-02</subfield>
         <subfield code="a">Eerduosi tong shi chen lie</subfield>
      </datafield>
      <datafield tag="246" ind1="3" ind2="1">
         <subfield code="a">Impact and mingling of agriculture and nomadism :</subfield>
         <subfield code="b">the exhibition of the general history of Ordos</subfield>
      </datafield>
      <datafield tag="246" ind1="3" ind2="1">
         <subfield code="a">Tariyalal negu̇del maljil, mȯrgu̇ldu̇l abcildul :</subfield>
         <subfield code="b">Ordos-un nebterkei teu̇ke-yin delgen u̇jegu̇lu̇lge</subfield>
      </datafield>
      <datafield tag="250" ind1=" " ind2=" ">
         <subfield code="6">880-03</subfield>
         <subfield code="a">Di 1 ban.</subfield>
      </datafield>
      <datafield tag="264" ind1=" " ind2="1">
         <subfield code="6">880-04</subfield>
         <subfield code="a">Beijing Shi :</subfield>
         <subfield code="b">Wen wu chu ban she,</subfield>
         <subfield code="c">2013.</subfield>
      </datafield>
      <datafield tag="300" ind1=" " ind2=" ">
         <subfield code="a">294 pages :</subfield>
         <subfield code="b">chiefly color illustrations, portraits ;</subfield>
         <subfield code="c">30 cm.</subfield>
      </datafield>
      <datafield tag="336" ind1=" " ind2=" ">
         <subfield code="a">text</subfield>
         <subfield code="2">rdacontent</subfield>
      </datafield>
      <datafield tag="337" ind1=" " ind2=" ">
         <subfield code="a">unmediated</subfield>
         <subfield code="2">rdamedia</subfield>
      </datafield>
      <datafield tag="338" ind1=" " ind2=" ">
         <subfield code="a">volume</subfield>
         <subfield code="2">rdacarrier</subfield>
      </datafield>
      <datafield tag="490" ind1="1" ind2=" ">
         <subfield code="6">880-05</subfield>
         <subfield code="a">Eerduosi bo wu guan chen lie zhan lan cong shu</subfield>
      </datafield>
      <datafield tag="546" ind1=" " ind2=" ">
         <subfield code="a">Foreword also in English and Mongolian (Mongolian script).</subfield>
      </datafield>
      <datafield tag="520" ind1=" " ind2=" ">
         <subfield code="6">880-06</subfield>
         <subfield code="a">Ben shu yi Eerduosi di qu ren lei li shi de fa zhan mai luo wei zhu xian, yi Eerduosi li shi shang ge zhong yao fa zhan jie duan li shi shi jian wei jie dian, ji zhong zhan xian le Eer duosidiqu de gu dai wen hua zai zhong xi wen hua, Zhongguo bei fang cao yuan wen hua, Zhonghua wu qian nian wen ming xing cheng yu fa zhan shi de zuo yong he di wei.quan shu fen wei "yuan gu sui yue", "wen ming qian ye", "cao yuan qing tong", "zhong xing hui ju", "tian jiao sheng di"wu ge bu fen.</subfield>
      </datafield>
      <datafield tag="651" ind1=" " ind2="0">
         <subfield code="a">Ordos Shi (China)</subfield>
         <subfield code="x">Antiquities</subfield>
         <subfield code="v">Exhibitions.</subfield>
      </datafield>
      <datafield tag="651" ind1=" " ind2="0">
         <subfield code="a">Ordos Shi (China)</subfield>
         <subfield code="x">History.</subfield>
      </datafield>
      <datafield tag="651" ind1=" " ind2="7">
         <subfield code="a">China</subfield>
         <subfield code="z">Ordos Shi.</subfield>
         <subfield code="2">fast</subfield>
         <subfield code="0">(OCoLC)fst01727943</subfield>
      </datafield>
      <datafield tag="655" ind1=" " ind2="7">
         <subfield code="a">History.</subfield>
         <subfield code="2">fast</subfield>
         <subfield code="0">(OCoLC)fst01411628</subfield>
      </datafield>
      <datafield tag="710" ind1="2" ind2=" ">
         <subfield code="6">880-07</subfield>
         <subfield code="a">Eerduosi bo wu guan,</subfield>
         <subfield code="e">editor.</subfield>
      </datafield>
      <datafield tag="880" ind1="0" ind2="0">
         <subfield code="6">245-01/</subfield>
         <subfield code="a">农耕游牧・碰撞交融 :</subfield>
         <subfield code="b">鄂尔多斯通史陈列 = Impact and mingling of agriculture and nomadism : the exhibition of the general history of Ordos = Tariyalal negu̇del maljil, mȯrgu̇ldu̇l abcildul : Ordos-un nebterkei teu̇ke-yin delgen u̇jegu̇lu̇lge /</subfield>
         <subfield code="c">鄂尔多斯博物馆编著.</subfield>
      </datafield>
      <datafield tag="880" ind1="3" ind2="0">
         <subfield code="6">246-02/</subfield>
         <subfield code="a">鄂尔多斯通史陈列</subfield>
      </datafield>
      <datafield tag="880" ind1=" " ind2=" ">
         <subfield code="6">250-03/</subfield>
         <subfield code="a">第1版.</subfield>
      </datafield>
      <datafield tag="880" ind1=" " ind2="1">
         <subfield code="6">264-04/</subfield>
         <subfield code="a">北京市 :</subfield>
         <subfield code="b">文物出版社,</subfield>
         <subfield code="c">2013.</subfield>
      </datafield>
      <datafield tag="880" ind1="1" ind2=" ">
         <subfield code="6">490-05/</subfield>
         <subfield code="a">鄂尔多斯博物馆陈列展览丛书</subfield>
      </datafield>
      <datafield tag="880" ind1=" " ind2=" ">
         <subfield code="6">520-06/</subfield>
         <subfield code="a">本书以鄂尔多斯地区人类历史的发展脉络为主线, 以鄂尔多斯历史上各重要发展阶段历史事件为节点, 集中展现了鄂尔多斯地区的古代文化在中西文化, 中国北方草原文化, 中华五千年文明形成与发展史的作用和地位.全书分为"远古岁月", "文明前夜", "草原青铜", "众星汇聚", "天骄圣地"五个部分.</subfield>
      </datafield>
      <datafield tag="880" ind1="2" ind2=" ">
         <subfield code="6">710-07/</subfield>
         <subfield code="a">鄂尔多斯博物馆,</subfield>
         <subfield code="e">editor.</subfield>
      </datafield>
      <datafield tag="830" ind1=" " ind2="0">
         <subfield code="6">880-08</subfield>
         <subfield code="a">Eerduosi bo wu guan chen lie zhan lan cong shu.</subfield>
      </datafield>
      <datafield tag="880" ind1=" " ind2="0">
         <subfield code="6">830-08/</subfield>
         <subfield code="a">鄂尔多斯博物馆陈列展览丛书.</subfield>
      </datafield>
      <datafield tag="994" ind1=" " ind2=" ">
         <subfield code="a">Z0</subfield>
         <subfield code="b">ZYU</subfield>
      </datafield>
      <datafield tag="OWN" ind1=" " ind2=" ">
         <subfield code="a">GENERAL</subfield>
      </datafield>
      <datafield tag="AVA" ind1=" " ind2=" ">
         <subfield code="a">NYU50</subfield>
         <subfield code="b">NISAW</subfield>
         <subfield code="c">Large Collection</subfield>
         <subfield code="d">DS797.54.O74 N664 2013</subfield>
         <subfield code="e">available</subfield>
         <subfield code="t">Available</subfield>
         <subfield code="f">1</subfield>
         <subfield code="g">0</subfield>
         <subfield code="h">N</subfield>
         <subfield code="i">0</subfield>
         <subfield code="j">LARGE</subfield>
         <subfield code="k">0</subfield>
      </datafield>
      <marc:datafield tag="852" ind1=" " ind2=" ">
         <marc:subfield code="b">Institute for the Study of the Ancient World, </marc:subfield>
         <marc:subfield code="c">Large Collection</marc:subfield>
         <marc:subfield code="e">15 East 84th St., </marc:subfield>
         <marc:subfield code="e">New York, NY  10028</marc:subfield>
      </marc:datafield>
   </record>