
  
  
  
  
  
  
 
  
  <record xsi:schemaLocation="http://www.loc.gov/MARC21/slim http://www.loc.gov/standards/marcxml/schema/MARC21slim.xsd">
      <leader>00000cam  2200253 a 4500</leader>
      <controlfield tag="FMT">BK</controlfield>
      <controlfield tag="LDR">00000cam  2200253 a 4500</controlfield>
      <controlfield tag="001">004150244</controlfield>
      <controlfield tag="003">OCoLC</controlfield>
      <controlfield tag="005">20150617155048.0</controlfield>
      <controlfield tag="008">150617s1960    ru       b    100 0 rus d</controlfield>
      <datafield tag="035" ind1=" " ind2=" ">
         <subfield code="a">(OCoLC)686767411</subfield>
      </datafield>
      <datafield tag="040" ind1=" " ind2=" ">
         <subfield code="a">BOS</subfield>
         <subfield code="b">eng</subfield>
         <subfield code="c">BOS</subfield>
         <subfield code="d">OCLCF</subfield>
         <subfield code="d">OCLCO</subfield>
         <subfield code="d">NNU</subfield>
      </datafield>
      <datafield tag="043" ind1=" " ind2=" ">
         <subfield code="a">a-tu---</subfield>
      </datafield>
      <datafield tag="050" ind1=" " ind2="4">
         <subfield code="a">P945</subfield>
         <subfield code="b">.D86 1960</subfield>
      </datafield>
      <datafield tag="066" ind1=" " ind2=" ">
         <subfield code="c">(N</subfield>
      </datafield>
      <datafield tag="100" ind1="1" ind2=" ">
         <subfield code="a">Dunaevskai͡a I. M.</subfield>
         <subfield code="q">(Irina Mikhaĭlovna),</subfield>
         <subfield code="d">1919-</subfield>
      </datafield>
      <datafield tag="245" ind1="1" ind2="0">
         <subfield code="6">880-01</subfield>
         <subfield code="a">Stroĭ khattskogo glagola /</subfield>
         <subfield code="c">I.M. Dunaevskai͡a.</subfield>
      </datafield>
      <datafield tag="260" ind1=" " ind2=" ">
         <subfield code="6">880-02</subfield>
         <subfield code="a">Moskva :</subfield>
         <subfield code="b">Izdo-vo vostochnoĭ lit-ry,</subfield>
         <subfield code="c">1960.</subfield>
      </datafield>
      <datafield tag="300" ind1=" " ind2=" ">
         <subfield code="a">16, [1] p. ;</subfield>
         <subfield code="c">21 cm.</subfield>
      </datafield>
      <datafield tag="500" ind1=" " ind2=" ">
         <subfield code="a">At head of title: XXV Mezhdunarodnyĭ kongress vostokovedov. Doklady delegat͡sii SSSR.</subfield>
      </datafield>
      <datafield tag="500" ind1=" " ind2=" ">
         <subfield code="a">Cover title.</subfield>
      </datafield>
      <datafield tag="500" ind1=" " ind2=" ">
         <subfield code="a">ISAW copy is from the Library of Hayim and Miriam Tadmor.</subfield>
         <subfield code="5">NNU</subfield>
      </datafield>
      <datafield tag="501" ind1=" " ind2=" ">
         <subfield code="a">ISAW copy housed with German translation: Zur Klärung der Präfixe im Hattischen.</subfield>
      </datafield>
      <datafield tag="504" ind1=" " ind2=" ">
         <subfield code="a">Includes bibliographical references (p. 15-[17]).</subfield>
      </datafield>
      <datafield tag="650" ind1=" " ind2="0">
         <subfield code="a">Hittite language</subfield>
         <subfield code="x">Verb.</subfield>
      </datafield>
      <datafield tag="650" ind1=" " ind2="0">
         <subfield code="a">Hittite language</subfield>
         <subfield code="x">Suffixes and prefixes.</subfield>
      </datafield>
      <datafield tag="650" ind1=" " ind2="7">
         <subfield code="a">Hittite language</subfield>
         <subfield code="x">Verb.</subfield>
         <subfield code="2">fast</subfield>
         <subfield code="0">(OCoLC)fst00958410</subfield>
      </datafield>
      <datafield tag="796" ind1="1" ind2=" ">
         <subfield code="a">Tadmor, Hayim,</subfield>
         <subfield code="e">former owner.</subfield>
      </datafield>
      <datafield tag="796" ind1="1" ind2=" ">
         <subfield code="a">Tadmor, Miriam,</subfield>
         <subfield code="e">former owner.</subfield>
      </datafield>
      <datafield tag="797" ind1="2" ind2=" ">
         <subfield code="a">Tadmor Collection.</subfield>
      </datafield>
      <datafield tag="710" ind1="1" ind2=" ">
         <subfield code="a">Soviet Union.</subfield>
         <subfield code="b">Delegat͡sii͡a pri Mezhdunarodnom kongresse vostokovedov, 25th, 1960, Moscow, R.S.F.S.R.</subfield>
      </datafield>
      <datafield tag="711" ind1="2" ind2=" ">
         <subfield code="a">International Congress of Orientalists</subfield>
         <subfield code="n">(25th :</subfield>
         <subfield code="d">1960 :</subfield>
         <subfield code="c">Moscow, Russia)</subfield>
      </datafield>
      <datafield tag="880" ind1="1" ind2="0">
         <subfield code="6">245-01/</subfield>
         <subfield code="a">Строй хаттского глагола /.</subfield>
         <subfield code="c">И.М. Дунаевская.</subfield>
      </datafield>
      <datafield tag="880" ind1=" " ind2=" ">
         <subfield code="6">260-02/</subfield>
         <subfield code="a">Москва :</subfield>
         <subfield code="b">Издо-во восточной лит-ры,</subfield>
         <subfield code="c">1960.</subfield>
      </datafield>
      <datafield tag="994" ind1=" " ind2=" ">
         <subfield code="a">Z0</subfield>
         <subfield code="b">ZYU</subfield>
      </datafield>
      <datafield tag="OWN" ind1=" " ind2=" ">
         <subfield code="a">GENERAL</subfield>
      </datafield>
      <datafield tag="AVA" ind1=" " ind2=" ">
         <subfield code="a">NYU50</subfield>
         <subfield code="b">NISAW</subfield>
         <subfield code="c">Small Collection</subfield>
         <subfield code="d">P945 .D86 1960</subfield>
         <subfield code="e">available</subfield>
         <subfield code="t">Available</subfield>
         <subfield code="f">1</subfield>
         <subfield code="g">0</subfield>
         <subfield code="h">N</subfield>
         <subfield code="i">0</subfield>
         <subfield code="j">SMALL</subfield>
         <subfield code="k">0</subfield>
      </datafield>
      <marc:datafield tag="852" ind1=" " ind2=" ">
         <marc:subfield code="b">Institute for the Study of the Ancient World, </marc:subfield>
         <marc:subfield code="c">Small Collection</marc:subfield>
         <marc:subfield code="e">15 East 84th St., </marc:subfield>
         <marc:subfield code="e">New York, NY  10028</marc:subfield>
      </marc:datafield>
   </record>