
  
  
  
  
  
  
  
 
  
  <record xsi:schemaLocation="http://www.loc.gov/MARC21/slim http://www.loc.gov/standards/marcxml/schema/MARC21slim.xsd">
      <leader>00000cam a2200589 a 4500</leader>
      <controlfield tag="FMT">BK</controlfield>
      <controlfield tag="LDR">00000cam a2200589 a 4500</controlfield>
      <controlfield tag="001">003220772</controlfield>
      <controlfield tag="003">OCoLC</controlfield>
      <controlfield tag="005">20130301102629.0</controlfield>
      <controlfield tag="008">780804m19779999au f     b    001 0 ger</controlfield>
      <datafield tag="010" ind1=" " ind2=" ">
         <subfield code="a">78360396</subfield>
      </datafield>
      <datafield tag="020" ind1=" " ind2=" ">
         <subfield code="a">3700102208 (v. 1/1)</subfield>
      </datafield>
      <datafield tag="020" ind1=" " ind2=" ">
         <subfield code="a">9783700102205 (v. 1/1)</subfield>
      </datafield>
      <datafield tag="020" ind1=" " ind2=" ">
         <subfield code="a">9783700168416 (v. 2/7)</subfield>
      </datafield>
      <datafield tag="020" ind1=" " ind2=" ">
         <subfield code="a">9783700168386 (v. 2/8)</subfield>
      </datafield>
      <datafield tag="020" ind1=" " ind2=" ">
         <subfield code="a">3700136757 (v. 3/3)</subfield>
      </datafield>
      <datafield tag="020" ind1=" " ind2=" ">
         <subfield code="a">9783700136750 (v. 3/3)</subfield>
      </datafield>
      <datafield tag="020" ind1=" " ind2=" ">
         <subfield code="a">3700107900 (v. 4)</subfield>
      </datafield>
      <datafield tag="020" ind1=" " ind2=" ">
         <subfield code="a">9783700171423 (v. 5/5A)</subfield>
      </datafield>
      <datafield tag="035" ind1=" " ind2=" ">
         <subfield code="a">(OCoLC)4190200</subfield>
      </datafield>
      <datafield tag="040" ind1=" " ind2=" ">
         <subfield code="a">DLC</subfield>
         <subfield code="c">DLC</subfield>
         <subfield code="d">NLGGC</subfield>
         <subfield code="d">OCLCG</subfield>
         <subfield code="d">NNU</subfield>
      </datafield>
      <datafield tag="041" ind1="0" ind2=" ">
         <subfield code="a">ger</subfield>
         <subfield code="a">eng</subfield>
         <subfield code="a">ira</subfield>
         <subfield code="a">fre</subfield>
      </datafield>
      <datafield tag="043" ind1=" " ind2=" ">
         <subfield code="a">a-ir---</subfield>
      </datafield>
      <datafield tag="050" ind1=" " ind2="4">
         <subfield code="a">PK6065</subfield>
         <subfield code="b">.I73 1977</subfield>
      </datafield>
      <datafield tag="245" ind1="0" ind2="0">
         <subfield code="a">Iranisches Personennamenbuch /</subfield>
         <subfield code="c">herausegegeben von Manfred Mayrhofer.</subfield>
      </datafield>
      <datafield tag="260" ind1=" " ind2=" ">
         <subfield code="a">Wien :</subfield>
         <subfield code="b">Österreichischen Akademie der Wissenschaften,</subfield>
         <subfield code="c">1977-&lt;2011&gt;</subfield>
      </datafield>
      <datafield tag="300" ind1=" " ind2=" ">
         <subfield code="a">v. :</subfield>
         <subfield code="b">ill. ;</subfield>
         <subfield code="c">23-43 cm.</subfield>
      </datafield>
      <datafield tag="490" ind1="1" ind2=" ">
         <subfield code="a">Sonderpublikation der Iranischen Kommission</subfield>
      </datafield>
      <datafield tag="490" ind1="1" ind2=" ">
         <subfield code="a">Sitzungsberichte / Österreichische Akademie der Wissenschaften, Philosophisch-Historische Klasse ;</subfield>
         <subfield code="v">789., 806., 808. , 823. Bd.</subfield>
      </datafield>
      <datafield tag="490" ind1="1" ind2=" ">
         <subfield code="a">Iranische Onomastik /</subfield>
         <subfield code="v">Nr. 5, 7-9</subfield>
      </datafield>
      <datafield tag="500" ind1=" " ind2=" ">
         <subfield code="a">Issued in fascicles.</subfield>
      </datafield>
      <datafield tag="500" ind1=" " ind2=" ">
         <subfield code="a">Vol. 2, fasc. 7-8 in series: Sitzungsberichte and Iranische Onomastik.</subfield>
      </datafield>
      <datafield tag="500" ind1=" " ind2=" ">
         <subfield code="a">Vol. 4 has Tafelband in pocket.</subfield>
      </datafield>
      <datafield tag="500" ind1=" " ind2=" ">
         <subfield code="a">Vol. 5, 7: edited by Rüdiger Schmitt ... [et al.].</subfield>
      </datafield>
      <datafield tag="504" ind1=" " ind2=" ">
         <subfield code="a">Includes bibliographical references and indexes.</subfield>
      </datafield>
      <datafield tag="505" ind1="1" ind2="0">
         <subfield code="g">Bd. 1.</subfield>
         <subfield code="t">Altiranischen Namen.</subfield>
         <subfield code="g">Fasz. 1.</subfield>
         <subfield code="t">Avestischen Namen /</subfield>
         <subfield code="r">Mayrhofer, Manfred --</subfield>
         <subfield code="g">Fasz. 2.</subfield>
         <subfield code="t">Altpersischen Namen /</subfield>
         <subfield code="r">Mayrhofer, Manfred --</subfield>
         <subfield code="g">Bd. 2.</subfield>
         <subfield code="t">Mitteliranische Personennamen.</subfield>
         <subfield code="g">Fasz. 7.</subfield>
         <subfield code="t">Bactrian personal names /</subfield>
         <subfield code="r">Sims-Williams, Nicholas --</subfield>
         <subfield code="g">Fasz. 8.</subfield>
         <subfield code="t">Personal names in Sogdian texts /</subfield>
         <subfield code="r">Lurje, Pavel B. --</subfield>
         <subfield code="g">Bd. 3.</subfield>
         <subfield code="t">Neuiranische Personennamen.</subfield>
         <subfield code="g">Fasz. 3.</subfield>
         <subfield code="t">Ossetischen Personennamen /</subfield>
         <subfield code="r">Fritz, Sonja --</subfield>
         <subfield code="g">Bd. 4.</subfield>
         <subfield code="t">Nomina propria Iranica in nummis : Materialgrundlagen zu den iranischen Personennamen auf antiken Münzen (Textband, Tafelband in 1 v.)/</subfield>
         <subfield code="r">Alram, Michael --</subfield>
         <subfield code="g">Bd. 5.</subfield>
         <subfield code="t">Iranische Namen in nebenüberlieferungen indogermanischer Sprachen.</subfield>
         <subfield code="g">Fasz. 5A.</subfield>
         <subfield code="t">Iranische Personennamen in der griechischen Literatur vor Alexander d. Gr. /</subfield>
         <subfield code="r">Schmitt, Rüdiger --</subfield>
         <subfield code="g">Bd. 7.</subfield>
         <subfield code="t">Iranische Namen in semitischen Nebenüberlieferungen.</subfield>
         <subfield code="g">Fasz. 5.</subfield>
         <subfield code="t">Noms propres syriaques d'origine iranienne /</subfield>
         <subfield code="r">Gignoux, Philippe ;</subfield>
         <subfield code="r">Jullien, Christelle ;</subfield>
         <subfield code="r">Jullien, Florence</subfield>
      </datafield>
      <datafield tag="650" ind1=" " ind2="0">
         <subfield code="a">Names, Iranian.</subfield>
      </datafield>
      <datafield tag="650" ind1=" " ind2="0">
         <subfield code="a">Names, Personal</subfield>
         <subfield code="z">Iran.</subfield>
      </datafield>
      <datafield tag="700" ind1="1" ind2=" ">
         <subfield code="a">Mayrhofer, Manfred,</subfield>
         <subfield code="d">1926-</subfield>
      </datafield>
      <datafield tag="700" ind1="1" ind2=" ">
         <subfield code="a">Schmitt, Rüdiger.</subfield>
      </datafield>
      <datafield tag="710" ind1="2" ind2=" ">
         <subfield code="a">Österreichische Akademie der Wissenschaften.</subfield>
         <subfield code="b">Iranische Kommission.</subfield>
      </datafield>
      <datafield tag="710" ind1="2" ind2=" ">
         <subfield code="a">Österreichische Akademie der Wissenschaften.</subfield>
         <subfield code="b">Philosophisch-Historische Klasse.</subfield>
      </datafield>
      <datafield tag="830" ind1=" " ind2="0">
         <subfield code="a">Sonderpublikation der Iranischen Kommission</subfield>
      </datafield>
      <datafield tag="830" ind1=" " ind2="0">
         <subfield code="a">Sitzungsberichte (Österreichische Akademie der Wissenschaften. Philosophisch-Historische Klasse) ;</subfield>
         <subfield code="v">789. Bd.</subfield>
      </datafield>
      <datafield tag="830" ind1=" " ind2="0">
         <subfield code="a">Sitzungsberichte (Österreichische Akademie der Wissenschaften. Philosophisch-Historische Klasse) ;</subfield>
         <subfield code="v">806. Bd.</subfield>
      </datafield>
      <datafield tag="830" ind1=" " ind2="0">
         <subfield code="a">Sitzungsberichte (Österreichische Akademie der Wissenschaften. Philosophisch-Historische Klasse) ;</subfield>
         <subfield code="v">808. Bd.</subfield>
      </datafield>
      <datafield tag="830" ind1=" " ind2="0">
         <subfield code="a">Sitzungsberichte (Österreichische Akademie der Wissenschaften. Philosophisch-Historische Klasse) ;</subfield>
         <subfield code="v">823. Bd.</subfield>
      </datafield>
      <datafield tag="830" ind1=" " ind2="0">
         <subfield code="a">Iranische Onomastik ;</subfield>
         <subfield code="v">Nr. 5.</subfield>
      </datafield>
      <datafield tag="830" ind1=" " ind2="0">
         <subfield code="a">Iranische Onomastik ;</subfield>
         <subfield code="v">Nr. 7.</subfield>
      </datafield>
      <datafield tag="830" ind1=" " ind2="0">
         <subfield code="a">Iranische Onomastik ;</subfield>
         <subfield code="v">Nr. 8.</subfield>
      </datafield>
      <datafield tag="830" ind1=" " ind2="0">
         <subfield code="a">Iranische Onomastik ;</subfield>
         <subfield code="v">Nr. 9.</subfield>
      </datafield>
      <datafield tag="994" ind1=" " ind2=" ">
         <subfield code="a">Z0</subfield>
         <subfield code="b">ZYU</subfield>
      </datafield>
      <datafield tag="OWN" ind1=" " ind2=" ">
         <subfield code="a">GENERAL</subfield>
      </datafield>
      <datafield tag="AVA" ind1=" " ind2=" ">
         <subfield code="a">NYU50</subfield>
         <subfield code="b">NISAW</subfield>
         <subfield code="c">Folio Collection</subfield>
         <subfield code="d">PK6065 .I73 1977</subfield>
         <subfield code="e">available</subfield>
         <subfield code="t">Available</subfield>
         <subfield code="f">6</subfield>
         <subfield code="g">0</subfield>
         <subfield code="h">Y</subfield>
         <subfield code="i">0</subfield>
         <subfield code="j">FOLIO</subfield>
         <subfield code="k">0</subfield>
      </datafield>
      <marc:datafield tag="852" ind1=" " ind2=" ">
         <marc:subfield code="b">Institute for the Study of the Ancient World, </marc:subfield>
         <marc:subfield code="c">Folio Collection</marc:subfield>
         <marc:subfield code="e">15 East 84th St., </marc:subfield>
         <marc:subfield code="e">New York, NY  10028</marc:subfield>
      </marc:datafield>
   </record>