
  
  
  
  
  
  
  
  
 
  
  <record xsi:schemaLocation="http://www.loc.gov/MARC21/slim http://www.loc.gov/standards/marcxml/schema/MARC21slim.xsd">
      <leader>00000cam a2200301 a 4500</leader>
      <controlfield tag="FMT">BK</controlfield>
      <controlfield tag="LDR">00000cam a2200301 a 4500</controlfield>
      <controlfield tag="001">002740246</controlfield>
      <controlfield tag="003">NNU</controlfield>
      <controlfield tag="005">20090911103907.0</controlfield>
      <controlfield tag="008">700716m19679999iluabef  b    000 0 eng</controlfield>
      <datafield tag="010" ind1=" " ind2=" ">
         <subfield code="a">68003148</subfield>
      </datafield>
      <datafield tag="035" ind1=" " ind2=" ">
         <subfield code="a">(NYU)NYUb10439034</subfield>
      </datafield>
      <datafield tag="035" ind1=" " ind2=" ">
         <subfield code="a">(OCoLC)431710</subfield>
      </datafield>
      <datafield tag="035" ind1=" " ind2=" ">
         <subfield code="a">(OCoLC)ocm00431710</subfield>
      </datafield>
      <datafield tag="035" ind1="9" ind2=" ">
         <subfield code="a">NYUb10439034</subfield>
      </datafield>
      <datafield tag="040" ind1=" " ind2=" ">
         <subfield code="a">DLC</subfield>
         <subfield code="c">DLC</subfield>
         <subfield code="d">OCLCQ</subfield>
         <subfield code="d">BTCTA</subfield>
         <subfield code="d">NNU</subfield>
      </datafield>
      <datafield tag="043" ind1=" " ind2=" ">
         <subfield code="a">fl-----</subfield>
      </datafield>
      <datafield tag="050" ind1="0" ind2="0">
         <subfield code="a">DT159.6.N83</subfield>
         <subfield code="b">U66 1967</subfield>
      </datafield>
      <datafield tag="082" ind1="0" ind2="0">
         <subfield code="a">913.32</subfield>
      </datafield>
      <datafield tag="110" ind1="2" ind2=" ">
         <subfield code="a">University of Chicago.</subfield>
         <subfield code="b">Oriental Institute.</subfield>
         <subfield code="b">Nubian Expedition.</subfield>
      </datafield>
      <datafield tag="245" ind1="1" ind2="4">
         <subfield code="a">The University of Chicago Oriental Institute Nubian Expedition.</subfield>
      </datafield>
      <datafield tag="260" ind1=" " ind2=" ">
         <subfield code="a">Chicago :</subfield>
         <subfield code="b">University of Chicago Press,</subfield>
         <subfield code="c">[1967-&lt;1993&gt;</subfield>
      </datafield>
      <datafield tag="300" ind1=" " ind2=" ">
         <subfield code="a">v. &lt;1-10; in 11&gt; :</subfield>
         <subfield code="b">ill., maps, plans (some folded) ;</subfield>
         <subfield code="c">30-49 cm.</subfield>
      </datafield>
      <datafield tag="500" ind1=" " ind2=" ">
         <subfield code="a">Vols. 3-&lt;9&gt; have also subordinate collective title: Excavations between Abu Simbel and the Sudan frontier, pt. 1-&lt;9&gt;</subfield>
      </datafield>
      <datafield tag="505" ind1="0" ind2="0">
         <subfield code="g">v. 1.</subfield>
         <subfield code="t">Beit el-Wali temple of Ramesses II /</subfield>
         <subfield code="r">H. Ricke, G.R. Hughes, and E.F. Wente --</subfield>
         <subfield code="g">v. 2.</subfield>
         <subfield code="t">Ausgrabungen von Khor-Dehmit bis Bet el-Wali /</subfield>
         <subfield code="r">H. Ricke ... [et al.] --</subfield>
         <subfield code="g">v. 3.</subfield>
         <subfield code="t">A-Group royal cemetery at Qustul: cemetery L /</subfield>
         <subfield code="r">Bruce Beyer Williams --</subfield>
         <subfield code="g">v. 4.</subfield>
         <subfield code="t">Neolithic, A-Group, and post-A-Group remains from cemeteries W, V, S, Q, T, and a cave east of cemetery K /</subfield>
         <subfield code="r">Bruce Beyer Williams --</subfield>
         <subfield code="g">v. 5.</subfield>
         <subfield code="t">C-Group, Pan Grave, and Kerma remains at Adindan cemeteries T, K, U, and J /</subfield>
         <subfield code="r">Bruce Williams --</subfield>
         <subfield code="g">v. 6.</subfield>
         <subfield code="t">New Kingdom remains from cemeteries R, V, S, and W at Qustul and cemetery K at Adindan /</subfield>
         <subfield code="r">Bruce Beyer Williams, with a contribution by William J. Murnane --</subfield>
         <subfield code="g">v. 7.</subfield>
         <subfield code="t">Twenty-fifth Dynasty and Napatan remains at Qustul: cemeteries W and V /</subfield>
         <subfield code="r">Bruce Beyer Williams --</subfield>
         <subfield code="g">v. 8.</subfield>
         <subfield code="t">Meroitic remains from Qustul Cemetery Q, Ballana Cemetery B, and a Ballana settlement. pt. 1. Text and figures. pt. 2. Registers and plates /</subfield>
         <subfield code="r">Bruce Beyer Williams, with a contribution by Nicholas B. Millet --</subfield>
         <subfield code="g">v. 9.</subfield>
         <subfield code="t">Noubadian X-Group remains from complexes in cemeteries Q and 219 and from private cemeteries Q, R, V, W, B, J, and M at Qustul and Ballana /</subfield>
         <subfield code="r">Bruce Beyer Williams --</subfield>
         <subfield code="g">v. 10.</subfield>
         <subfield code="t">Excavations at Serra East : parts 1-5, A-group, C-group, Pan Grave, New Kingdom, and X-Group remains from cemetries A-G and rock shelters /</subfield>
         <subfield code="r">by Bruce Beyer Williams.</subfield>
      </datafield>
      <datafield tag="500" ind1=" " ind2=" ">
         <subfield code="a">At head of title: Campagne internationale pour la sauvegarde des monuments de la Nubie.</subfield>
      </datafield>
      <datafield tag="504" ind1=" " ind2=" ">
         <subfield code="a">Includes bibliographical references.</subfield>
      </datafield>
      <datafield tag="651" ind1=" " ind2="0">
         <subfield code="a">Nubia</subfield>
         <subfield code="x">Antiquities.</subfield>
      </datafield>
      <datafield tag="740" ind1="0" ind2=" ">
         <subfield code="a">Excavations between Abu Simbel and the Sudan frontier.</subfield>
      </datafield>
      <datafield tag="994" ind1=" " ind2=" ">
         <subfield code="a">Z0</subfield>
         <subfield code="b">ZYU</subfield>
      </datafield>
      <datafield tag="OWN" ind1=" " ind2=" ">
         <subfield code="a">GENERAL</subfield>
      </datafield>
      <datafield tag="AVA" ind1=" " ind2=" ">
         <subfield code="a">NYU50</subfield>
         <subfield code="b">NIFA</subfield>
         <subfield code="c">Egyptian</subfield>
         <subfield code="d">DT135.N8 U54 Oversize</subfield>
         <subfield code="e">unavailable</subfield>
         <subfield code="t">Unavailable</subfield>
         <subfield code="f">8</subfield>
         <subfield code="g">8</subfield>
         <subfield code="h">Y</subfield>
         <subfield code="i">0</subfield>
         <subfield code="j">EGYPT</subfield>
         <subfield code="k">0</subfield>
      </datafield>
      <datafield tag="AVA" ind1=" " ind2=" ">
         <subfield code="a">NYU50</subfield>
         <subfield code="b">NISAW</subfield>
         <subfield code="c">Large Collection</subfield>
         <subfield code="d">DT159.6.N83 U66 1967</subfield>
         <subfield code="e">available</subfield>
         <subfield code="t">Available</subfield>
         <subfield code="f">10</subfield>
         <subfield code="g">0</subfield>
         <subfield code="h">Y</subfield>
         <subfield code="i">0</subfield>
         <subfield code="j">LARGE</subfield>
         <subfield code="k">0</subfield>
      </datafield>
      <marc:datafield tag="852" ind1=" " ind2=" ">
         <marc:subfield code="b">Institute for the Study of the Ancient World, </marc:subfield>
         <marc:subfield code="c">Large Collection</marc:subfield>
         <marc:subfield code="e">15 East 84th St., </marc:subfield>
         <marc:subfield code="e">New York, NY  10028</marc:subfield>
      </marc:datafield>
   </record>