
  
  
  
  
  
  
 
  
  <record xsi:schemaLocation="http://www.loc.gov/MARC21/slim http://www.loc.gov/standards/marcxml/schema/MARC21slim.xsd">
      <leader>00000cam a2200409 a 4500</leader>
      <controlfield tag="FMT">BK</controlfield>
      <controlfield tag="LDR">00000cam a2200409 a 4500</controlfield>
      <controlfield tag="001">002625624</controlfield>
      <controlfield tag="003">NNU</controlfield>
      <controlfield tag="005">20130110115609.0</controlfield>
      <controlfield tag="008">821013m19341954iluaef   b    001 0 eng d</controlfield>
      <datafield tag="010" ind1=" " ind2=" ">
         <subfield code="a">34038539</subfield>
      </datafield>
      <datafield tag="035" ind1=" " ind2=" ">
         <subfield code="a">GLIS003087081</subfield>
      </datafield>
      <datafield tag="035" ind1=" " ind2=" ">
         <subfield code="a">(CStRLIN)NYUG82-B24708</subfield>
      </datafield>
      <datafield tag="035" ind1=" " ind2=" ">
         <subfield code="a">(NYU)NYUb10308708</subfield>
      </datafield>
      <datafield tag="035" ind1="9" ind2=" ">
         <subfield code="a">NYUb10308708</subfield>
      </datafield>
      <datafield tag="040" ind1=" " ind2=" ">
         <subfield code="d">NNU</subfield>
      </datafield>
      <datafield tag="043" ind1=" " ind2=" ">
         <subfield code="a">f-ua---</subfield>
      </datafield>
      <datafield tag="050" ind1=" " ind2="4">
         <subfield code="a">DT73.M3</subfield>
         <subfield code="b">E93 1934</subfield>
      </datafield>
      <datafield tag="245" ind1="0" ind2="4">
         <subfield code="a">The excavation of Medinet Habu.</subfield>
      </datafield>
      <datafield tag="260" ind1=" " ind2=" ">
         <subfield code="a">Chicago :</subfield>
         <subfield code="b">University of Chicago Press,</subfield>
         <subfield code="c">[1934-1954]</subfield>
      </datafield>
      <datafield tag="300" ind1=" " ind2=" ">
         <subfield code="a">5 v. :</subfield>
         <subfield code="b">ill. (some col.), plans ;</subfield>
         <subfield code="c">41-61 cm.</subfield>
      </datafield>
      <datafield tag="490" ind1="1" ind2=" ">
         <subfield code="a">University of Chicago Oriental Institute publications ;</subfield>
         <subfield code="v">v. 21, 41, 54-55, 66</subfield>
      </datafield>
      <datafield tag="500" ind1=" " ind2=" ">
         <subfield code="a">Text by Uvo Hölscher with contributions by Rudolph Anthes; translated by Mrs. Keith C. Seele and Elizabeth B. Hauser.</subfield>
      </datafield>
      <datafield tag="504" ind1=" " ind2=" ">
         <subfield code="a">Includes bibliographical references and indexes.</subfield>
      </datafield>
      <datafield tag="505" ind1="0" ind2="0">
         <subfield code="g">v. 1.</subfield>
         <subfield code="t">General plans and views --</subfield>
         <subfield code="g">v. 2.</subfield>
         <subfield code="t">The temples of the eighteenth dynasty --</subfield>
         <subfield code="g">v. 3.</subfield>
         <subfield code="t">The mortuary temple of Ramses III, pt. 1 --</subfield>
         <subfield code="g">v. 4.</subfield>
         <subfield code="t">The mortuary temple of Ramses III, pt. 2 --</subfield>
         <subfield code="g">v. 5.</subfield>
         <subfield code="t">Post-Ramessid remains.</subfield>
      </datafield>
      <datafield tag="530" ind1=" " ind2=" ">
         <subfield code="a">Also available via the World Wide Web.</subfield>
      </datafield>
      <datafield tag="650" ind1=" " ind2="0">
         <subfield code="a">Architecture</subfield>
         <subfield code="z">Egypt</subfield>
         <subfield code="z">Medinet Habu Site.</subfield>
      </datafield>
      <datafield tag="650" ind1=" " ind2="0">
         <subfield code="a">Excavations (Archaeology)</subfield>
         <subfield code="z">Egypt</subfield>
         <subfield code="z">Medinet Habu Site.</subfield>
      </datafield>
      <datafield tag="650" ind1=" " ind2="0">
         <subfield code="a">Excavations (Archaeology)</subfield>
         <subfield code="z">Egypt.</subfield>
      </datafield>
      <datafield tag="651" ind1=" " ind2="0">
         <subfield code="a">Medinet Habu Site (Egypt)</subfield>
      </datafield>
      <datafield tag="651" ind1=" " ind2="0">
         <subfield code="a">Egypt</subfield>
         <subfield code="x">Antiquities.</subfield>
      </datafield>
      <datafield tag="700" ind1="1" ind2=" ">
         <subfield code="a">Hölscher, Uvo,</subfield>
         <subfield code="d">1873-1963.</subfield>
      </datafield>
      <datafield tag="700" ind1="1" ind2=" ">
         <subfield code="a">Anthes, Rudolf.</subfield>
      </datafield>
      <datafield tag="700" ind1="1" ind2=" ">
         <subfield code="a">Seele, Keith C.</subfield>
         <subfield code="q">(Keith Cedric),</subfield>
         <subfield code="d">1898-</subfield>
      </datafield>
      <datafield tag="710" ind1="2" ind2=" ">
         <subfield code="a">University of Chicago.</subfield>
         <subfield code="b">Oriental Institute.</subfield>
         <subfield code="b">Architectural Survey.</subfield>
      </datafield>
      <datafield tag="776" ind1="0" ind2=" ">
         <subfield code="i">Online version:</subfield>
         <subfield code="t">Excavation of Medinet Habu</subfield>
         <subfield code="w">(BSN) 003698356</subfield>
      </datafield>
      <datafield tag="830" ind1=" " ind2="0">
         <subfield code="a">University of Chicago Oriental Institute publications ;</subfield>
         <subfield code="v">v. 21.</subfield>
      </datafield>
      <datafield tag="830" ind1=" " ind2="0">
         <subfield code="a">University of Chicago Oriental Institute publications ;</subfield>
         <subfield code="v">v. 41.</subfield>
      </datafield>
      <datafield tag="830" ind1=" " ind2="0">
         <subfield code="a">University of Chicago Oriental Institute publications ;</subfield>
         <subfield code="v">v. 54-55.</subfield>
      </datafield>
      <datafield tag="830" ind1=" " ind2="0">
         <subfield code="a">University of Chicago Oriental Institute publications ;</subfield>
         <subfield code="v">66.</subfield>
      </datafield>
      <datafield tag="OWN" ind1=" " ind2=" ">
         <subfield code="a">GENERAL</subfield>
      </datafield>
      <datafield tag="AVA" ind1=" " ind2=" ">
         <subfield code="a">NYU50</subfield>
         <subfield code="b">NIFA</subfield>
         <subfield code="c">Egyptian</subfield>
         <subfield code="d">DT73.M3 C43 Oversize Non-circulating</subfield>
         <subfield code="e">unavailable</subfield>
         <subfield code="t">Unavailable</subfield>
         <subfield code="f">5</subfield>
         <subfield code="g">5</subfield>
         <subfield code="h">Y</subfield>
         <subfield code="i">8</subfield>
         <subfield code="j">EGYPT</subfield>
         <subfield code="k">0</subfield>
      </datafield>
      <datafield tag="AVA" ind1=" " ind2=" ">
         <subfield code="a">NYU50</subfield>
         <subfield code="b">NISAW</subfield>
         <subfield code="c">Folio Collection</subfield>
         <subfield code="d">DT73.M3 E93 1934</subfield>
         <subfield code="e">available</subfield>
         <subfield code="t">Available</subfield>
         <subfield code="f">4</subfield>
         <subfield code="g">0</subfield>
         <subfield code="h">Y</subfield>
         <subfield code="i">0</subfield>
         <subfield code="j">FOLIO</subfield>
         <subfield code="k">0</subfield>
      </datafield>
      <marc:datafield tag="852" ind1=" " ind2=" ">
         <marc:subfield code="b">Institute for the Study of the Ancient World, </marc:subfield>
         <marc:subfield code="c">Folio Collection</marc:subfield>
         <marc:subfield code="e">15 East 84th St., </marc:subfield>
         <marc:subfield code="e">New York, NY  10028</marc:subfield>
      </marc:datafield>
   </record>