
  
  
  
  
  
  
  
 
  
  <record xsi:schemaLocation="http://www.loc.gov/MARC21/slim http://www.loc.gov/standards/marcxml/schema/MARC21slim.xsd">
      <leader>00000cam  22004935a 4500</leader>
      <controlfield tag="FMT">BK</controlfield>
      <controlfield tag="LDR">00000cam  22004935a 4500</controlfield>
      <controlfield tag="001">004151460</controlfield>
      <controlfield tag="003">OCoLC</controlfield>
      <controlfield tag="005">20150622104616.0</controlfield>
      <controlfield tag="008">150622s2010    cc a          000 0 chi d</controlfield>
      <datafield tag="020" ind1=" " ind2=" ">
         <subfield code="a">9787501029204</subfield>
      </datafield>
      <datafield tag="020" ind1=" " ind2=" ">
         <subfield code="a">7501029202</subfield>
      </datafield>
      <datafield tag="035" ind1=" " ind2=" ">
         <subfield code="a">(OCoLC)663989746</subfield>
      </datafield>
      <datafield tag="040" ind1=" " ind2=" ">
         <subfield code="a">HFL</subfield>
         <subfield code="c">HFL</subfield>
         <subfield code="d">OCLCF</subfield>
         <subfield code="d">OCLCO</subfield>
         <subfield code="d">ZYU</subfield>
         <subfield code="d">NNU</subfield>
      </datafield>
      <datafield tag="041" ind1="0" ind2=" ">
         <subfield code="a">chi</subfield>
         <subfield code="b">eng</subfield>
         <subfield code="f">eng</subfield>
      </datafield>
      <datafield tag="050" ind1=" " ind2="4">
         <subfield code="a">GN776.32.C58</subfield>
         <subfield code="b">D66 2007</subfield>
      </datafield>
      <datafield tag="066" ind1=" " ind2=" ">
         <subfield code="c">$1</subfield>
      </datafield>
      <datafield tag="111" ind1="2" ind2=" ">
         <subfield code="6">880-01</subfield>
         <subfield code="a">Dong wu kao gu guo ji xue shu yan tao hui</subfield>
         <subfield code="d">(2007 :</subfield>
         <subfield code="c">Henan Sheng wen wu kao gu yan jiu suo)</subfield>
      </datafield>
      <datafield tag="245" ind1="1" ind2="0">
         <subfield code="6">880-02</subfield>
         <subfield code="a">Dong wu kao gu :</subfield>
         <subfield code="n">Di 1 ji /</subfield>
         <subfield code="c">Henan Sheng wen wu kao gu yan jiu suo bian.</subfield>
      </datafield>
      <datafield tag="246" ind1="1" ind2=" ">
         <subfield code="6">880-03</subfield>
         <subfield code="i">At head of title :</subfield>
         <subfield code="a">2007 nian Zhongguo Zhengzhou dong wu kao gu guo ji xue shu ya tao hui lun wen ji.</subfield>
      </datafield>
      <datafield tag="246" ind1="1" ind2=" ">
         <subfield code="i">Title on English added t.p.:</subfield>
         <subfield code="a">Zooarchaeology</subfield>
      </datafield>
      <datafield tag="246" ind1="1" ind2=" ">
         <subfield code="i">At head of English added t.p.:</subfield>
         <subfield code="a">Collection of papers from International Conference of Zooarchaeology in Zhengzhou, China, 2007</subfield>
      </datafield>
      <datafield tag="250" ind1=" " ind2=" ">
         <subfield code="6">880-04</subfield>
         <subfield code="a">Di 1 ban.</subfield>
      </datafield>
      <datafield tag="260" ind1=" " ind2=" ">
         <subfield code="6">880-05</subfield>
         <subfield code="a">Beijing :</subfield>
         <subfield code="b">Wen wu chu ban she,</subfield>
         <subfield code="c">2010.</subfield>
      </datafield>
      <datafield tag="300" ind1=" " ind2=" ">
         <subfield code="a">251 p. :</subfield>
         <subfield code="b">ill. ;</subfield>
         <subfield code="c">26 cm.</subfield>
      </datafield>
      <datafield tag="520" ind1=" " ind2=" ">
         <subfield code="6">880-06</subfield>
         <subfield code="a">Ben shu zhu yao nei rong bao kuo 2007 nian 7 yue 14-16 ri, you Henan Sheng wen wu ju zhu ban, Henan Sheng wen wu kao gu yan jiu suo cheng ban, zai Zhengzhou cheng gong ju xing le "Dong wu kao gu guo ji xue shu yan tao hui". Lai zi Meiguo, Yingguo, Aodaliya, Jianada, Riben yi ji Zhongguo de 50 duo wei zhuan jia, hui ju le xi fang zhi ming de dong wu kao gu xue jia he ji hu suo you Zhongguo lao zhong qing dong wu kao gu xue zhe. Zhe ben lun wen ji shou lu de 17 pian wen zhang jiu shi zhe ci hui yi de cheng guo zhi yi.</subfield>
      </datafield>
      <datafield tag="546" ind1=" " ind2=" ">
         <subfield code="a">Abstracts and table of contents also in English.</subfield>
      </datafield>
      <datafield tag="505" ind1="0" ind2="0">
         <subfield code="t">A quantitative analysis of faunal remains and the development of animal domestication /</subfield>
         <subfield code="r">Huang Yunping --</subfield>
         <subfield code="t">Assessing age and season of death of archaeofaunas from their teeth /</subfield>
         <subfield code="r">Anne Pike-Tay --</subfield>
         <subfield code="t">Terrapins from the Neolithic sites in China /</subfield>
         <subfield code="r">Fan Fangfang and Zhang Juzhong --</subfield>
         <subfield code="t">A review and prospect of the zooarchaeological development in China and abroad /</subfield>
         <subfield code="r">Tang Zhuowei and D.M. Suratissa --</subfield>
         <subfield code="t">Wild boar and domestic pigs: approaches and methods /</subfield>
         <subfield code="r">Peter Rowley-Conwy --</subfield>
         <subfield code="t">Discussion of the identification standard for ancient Chinese domestics pigs /</subfield>
         <subfield code="r">Yuan Jing, Luo Yunbing, Li Zhipeng and Lu Peng --</subfield>
         <subfield code="t">A new perspective on burial pig groups in ancient China: inspiration from a Cohort study of modern wild pigs /</subfield>
         <subfield code="r">Ma Xiaolin --</subfield>
         <subfield code="t">Domestic or wild: retesting the LEH method for pathological observation /</subfield>
         <subfield code="r">Luo Yunbing --</subfield>
         <subfield code="t">Pigs and peoples in Japan: historical facts based on documents and archaeological remains /</subfield>
         <subfield code="r">Akira Matsui --</subfield>
         <subfield code="t">A study of the origin of domestic cattle in China /</subfield>
         <subfield code="r">Lü Peng --</subfield>
         <subfield code="t">A study of morphological differences of metapodials between modern cattle from Nanyang, Henan and water buffalo from Liuan, Anhui /</subfield>
         <subfield code="r">Hou Yanfeng --</subfield>
         <subfield code="t">The paleo-environment and faunal evolution in the Three Gorges Area /</subfield>
         <subfield code="r">Wu Xianzhu and Xiao Lin --</subfield>
         <subfield code="t">Modeling the distribution of prey species in a prehistoric landscape /</subfield>
         <subfield code="r">Ariane Burke --</subfield>
         <subfield code="t">The effect of taphonomic processors on the Quantification of archaeological faunal remains /</subfield>
         <subfield code="r">Yin-Man Lam --</subfield>
         <subfield code="t">A study of faunal remains from the neolithic site of Gexinqiao, Gangxi /</subfield>
         <subfield code="r">Song Yanbo and Xie Guangmao --</subfield>
         <subfield code="t">A study of fainal remains from the Zongri cultural sites /</subfield>
         <subfield code="r">An Jiayuan and Chen Honghai --</subfield>
         <subfield code="t">An interpretation of the mammal remains from the sacrifical site of Chaxiutang in Naqu, Tibet /</subfield>
         <subfield code="r">Hu Songmei and Zhang Jianlin.</subfield>
      </datafield>
      <datafield tag="505" ind1="0" ind2="0">
         <subfield code="6">880-07</subfield>
         <subfield code="t">Dong wu gu ge shu liang fen xi he jia chu xun hua fa zhan chu tan /</subfield>
         <subfield code="r">Huang Yunping --</subfield>
         <subfield code="t">Geng ju ya chi gu ji chu tu dong wu si wang de nian ling he ji jie /</subfield>
         <subfield code="r">Anni, Paike-Tai --</subfield>
         <subfield code="t">Zhongguo xin shi qi shi dai yi zhi chu tu de gui bie lei /</subfield>
         <subfield code="r">Fang Anfang, Zhang Juzhong --</subfield>
         <subfield code="t">Zhong wai dong wu kao gu fa zhan li cheng de hui gu yu zhan wang /</subfield>
         <subfield code="r">Tang Zhuowei, Suoluodisi --</subfield>
         <subfield code="t">Ye zhu he jia zhu : jian bie de tu jing yu fang fa /</subfield>
         <subfield code="r">Pite Luoli-Kangwei， Amubote Aiboruila, Sijiduo Boni --</subfield>
         <subfield code="t">Lun Zhongguo gu dai jia zhu de jian ding biao zhun /</subfield>
         <subfield code="r">Yuan Jing, Luo Yunbing, Li Zhipeng, Lü Peng --</subfield>
         <subfield code="t">Zhongguo gu dai qun ti zang zhu xian xiang yan jiu xin shi jiao : xian dai ye zhu qun zu yan jiu de qi shi /</subfield>
         <subfield code="r">Ma Xiaolin --</subfield>
         <subfield code="t">Jia yan huan shi ye sheng : LEH bing le guan cha fang fa zai jian yan /</subfield>
         <subfield code="r">Luo Yunbing --</subfield>
         <subfield code="t">Riben ren yu zhu : cong wen xian he kao gu xue guan cha li shi /</subfield>
         <subfield code="r">Songjin Zhang --</subfield>
         <subfield code="t">Shi lun Zhongguo jia yang huang niu de qi yuan /</subfield>
         <subfield code="r">Lü Peng --</subfield>
         <subfield code="t">Xian sheng Nanyang huang niu yu Liuan shui niu da zhang zhi gu xing tai cha yi yan jiu /</subfield>
         <subfield code="r">Hou Yanfeng --</subfield>
         <subfield code="t">Sanxia dong wu qun yu gu huan jing /</subfield>
         <subfield code="r">Wu Xianzhu, Xiao Lin --</subfield>
         <subfield code="t">Mo ni shi qian jing guan xia bei pu shi dong wu de fen bu /</subfield>
         <subfield code="r">Airuien Boke --</subfield>
         <subfield code="t">Mai cang guo cheng dui kao gu dong wu yi cun liang hua de ying xiang /</subfield>
         <subfield code="r">Lin Yanwen --</subfield>
         <subfield code="t">Guangxi Gexinqiao xin shi qi yi zhi dong wu yi hai de jian ding yu yan jiu /</subfield>
         <subfield code="r">Song Yanbo, Xie Guangmao --</subfield>
         <subfield code="t">Zongri wen hua yi zhi dong wu gu ge de yan jiu /</subfield>
         <subfield code="r">An Jiayuan, Chen Honghai --</subfield>
         <subfield code="t">Xizang Naqu Chaxiutang ji si yi zhi bu ru dong wo yi cun ji qi yi yi /</subfield>
         <subfield code="r">Hu Songhai, Zhang Jianlin.</subfield>
      </datafield>
      <datafield tag="650" ind1=" " ind2="0">
         <subfield code="a">Animal remains (Archaeology)</subfield>
         <subfield code="v">Congresses.</subfield>
      </datafield>
      <datafield tag="650" ind1=" " ind2="7">
         <subfield code="a">Animal remains (Archaeology)</subfield>
         <subfield code="2">fast</subfield>
         <subfield code="0">(OCoLC)fst00809354</subfield>
      </datafield>
      <datafield tag="710" ind1="2" ind2=" ">
         <subfield code="6">880-08</subfield>
         <subfield code="a">Henan Sheng wen wu yan jiu suo.</subfield>
      </datafield>
      <datafield tag="710" ind1="2" ind2=" ">
         <subfield code="6">880-09</subfield>
         <subfield code="a">Henan Sheng wen wu yan jiu suo.</subfield>
      </datafield>
      <datafield tag="880" ind1="2" ind2=" ">
         <subfield code="6">111-01/</subfield>
         <subfield code="a">动物考古国际学术研讨会</subfield>
         <subfield code="d">(2007 :</subfield>
         <subfield code="c">河南省文物考古研究所)</subfield>
      </datafield>
      <datafield tag="880" ind1="1" ind2="0">
         <subfield code="6">245-02/</subfield>
         <subfield code="a">动物考古 :</subfield>
         <subfield code="n">第1辑 /</subfield>
         <subfield code="c">河南省文物考古研究所编.</subfield>
      </datafield>
      <datafield tag="880" ind1="1" ind2=" ">
         <subfield code="6">246-03/</subfield>
         <subfield code="i">At head of title :</subfield>
         <subfield code="a">2007年中国郑州动物考古国际学术研讨会论文集.</subfield>
      </datafield>
      <datafield tag="880" ind1=" " ind2=" ">
         <subfield code="6">250-04/</subfield>
         <subfield code="a">第1版.</subfield>
      </datafield>
      <datafield tag="880" ind1=" " ind2=" ">
         <subfield code="6">260-05/</subfield>
         <subfield code="a">北京 :</subfield>
         <subfield code="b">文物出版社,</subfield>
         <subfield code="c">2010.</subfield>
      </datafield>
      <datafield tag="880" ind1=" " ind2=" ">
         <subfield code="6">520-06/</subfield>
         <subfield code="a">本书主要内容包括2007年7月14-16日，由河南省文物局主办，河南省文物考古研究所承办，在郑州成功举行了"动物考古国际学术研讨会"。来自美国，英国，澳大利亚，加拿大，日本以及中国的50多位专家，汇聚了西方知名的动物考古学家和几乎所有中国老中青动物考古学者。这本论文集收录的17篇文章就是这次会议的成果之一。</subfield>
      </datafield>
      <datafield tag="880" ind1="0" ind2="0">
         <subfield code="6">505-07/</subfield>
         <subfield code="t">动物骨骼数量分析和家畜驯化发展初探 /</subfield>
         <subfield code="r">黄蕴平 --</subfield>
         <subfield code="t">根据牙齿估计出土动物死亡的年龄和季节 /</subfield>
         <subfield code="r">安尼·派克-泰 --</subfield>
         <subfield code="t">中国新石器时代遗址出土的龟鳖类 /</subfield>
         <subfield code="r">范安芳， 张居中 --</subfield>
         <subfield code="t">中外动物考古发展历程的回顾与展望 /</subfield>
         <subfield code="r">汤卓伟， 索罗蒂斯 --</subfield>
         <subfield code="t">野猪和家猪：鉴别的途径与方法 /</subfield>
         <subfield code="r">皮特·罗利-康威， 阿姆伯特·艾伯瑞拉， 基斯多·博尼 --</subfield>
         <subfield code="t">论中国古代家猪的鉴定标准 /</subfield>
         <subfield code="r">袁靖， 罗运兵， 李志鹏， 吕鹏 --</subfield>
         <subfield code="t">中国古代群体性葬猪现象研究新视角：现代野猪群组研究的启示 /</subfield>
         <subfield code="r">马萧林 --</subfield>
         <subfield code="t">家养还是野生：LEH病理观察方法再检验 /</subfield>
         <subfield code="r">罗运兵 --</subfield>
         <subfield code="t">日本的人与猪：从文献和考古学观察历史 /</subfield>
         <subfield code="r">松井 章 --</subfield>
         <subfield code="t">试论中国家养黄牛的起源 /</subfield>
         <subfield code="r">吕鹏 --</subfield>
         <subfield code="t">现生南阳黄牛与六安水牛大掌跖骨形态差异研究 /</subfield>
         <subfield code="r">侯彦峰 --</subfield>
         <subfield code="t">三峡动物群与古环境 /</subfield>
         <subfield code="r">武仙竹， 肖琳 --</subfield>
         <subfield code="t">模拟史前景观下被捕食动物的分布 /</subfield>
         <subfield code="r">艾瑞恩·波克 --</subfield>
         <subfield code="t">埋藏过程对考古出土动物遗存量化的影响 /</subfield>
         <subfield code="r">林彦文 --</subfield>
         <subfield code="t">广西革新桥新石器遗址动物遗骸的鉴定与研究 /</subfield>
         <subfield code="r">宋艳波， 谢光茂 --</subfield>
         <subfield code="t">宗日文化遗址动物骨骼的研究 /</subfield>
         <subfield code="r">安家瑗， 陈洪海 --</subfield>
         <subfield code="t">西藏那曲察秀塘祭祀遗址哺乳动物遗存及其意义 /</subfield>
         <subfield code="r">胡松海， 张建林。</subfield>
      </datafield>
      <datafield tag="880" ind1="2" ind2=" ">
         <subfield code="6">710-08/</subfield>
         <subfield code="a">河南省文物研究所.</subfield>
      </datafield>
      <datafield tag="880" ind1="2" ind2=" ">
         <subfield code="6">710-09/</subfield>
         <subfield code="a">河南省文物考古研究所.</subfield>
      </datafield>
      <datafield tag="994" ind1=" " ind2=" ">
         <subfield code="a">Z0</subfield>
         <subfield code="b">ZYU</subfield>
      </datafield>
      <datafield tag="OWN" ind1=" " ind2=" ">
         <subfield code="a">GENERAL</subfield>
      </datafield>
      <datafield tag="AVA" ind1=" " ind2=" ">
         <subfield code="a">NYU50</subfield>
         <subfield code="b">NISAW</subfield>
         <subfield code="c">Large Collection</subfield>
         <subfield code="d">CC79.5.A52 D66 2007</subfield>
         <subfield code="e">available</subfield>
         <subfield code="t">Available</subfield>
         <subfield code="f">1</subfield>
         <subfield code="g">0</subfield>
         <subfield code="h">N</subfield>
         <subfield code="i">0</subfield>
         <subfield code="j">LARGE</subfield>
         <subfield code="k">0</subfield>
      </datafield>
      <marc:datafield tag="852" ind1=" " ind2=" ">
         <marc:subfield code="b">Institute for the Study of the Ancient World, </marc:subfield>
         <marc:subfield code="c">Large Collection</marc:subfield>
         <marc:subfield code="e">15 East 84th St., </marc:subfield>
         <marc:subfield code="e">New York, NY  10028</marc:subfield>
      </marc:datafield>
   </record>