
  
  
  
  
  
  
  
  
 
  
  <record xsi:schemaLocation="http://www.loc.gov/MARC21/slim http://www.loc.gov/standards/marcxml/schema/MARC21slim.xsd">
      <leader>00000cam a22      a 4500</leader>
      <controlfield tag="FMT">BK</controlfield>
      <controlfield tag="LDR">00000cam a22      a 4500</controlfield>
      <controlfield tag="001">004151816</controlfield>
      <controlfield tag="005">20150623110756.0</controlfield>
      <controlfield tag="008">150623s1992    is       d    000 0 arcrd</controlfield>
      <datafield tag="016" ind1="7" ind2=" ">
         <subfield code="a">009530115</subfield>
         <subfield code="2">Uk</subfield>
      </datafield>
      <datafield tag="035" ind1=" " ind2=" ">
         <subfield code="a">(OCoLC)26944367</subfield>
         <subfield code="z">(OCoLC)27882159</subfield>
         <subfield code="z">(OCoLC)319743506</subfield>
      </datafield>
      <datafield tag="040" ind1=" " ind2=" ">
         <subfield code="a">PUL</subfield>
         <subfield code="b">eng</subfield>
         <subfield code="c">PUL</subfield>
         <subfield code="d">ZHM</subfield>
         <subfield code="d">IXA</subfield>
         <subfield code="d">OCLCQ</subfield>
         <subfield code="d">UKMGB</subfield>
         <subfield code="d">OCLCQ</subfield>
         <subfield code="d">OCLCO</subfield>
         <subfield code="d">OCLCF</subfield>
         <subfield code="d">OCLCQ</subfield>
         <subfield code="d">NNU</subfield>
      </datafield>
      <datafield tag="041" ind1="0" ind2=" ">
         <subfield code="a">arc</subfield>
         <subfield code="a">heb</subfield>
      </datafield>
      <datafield tag="050" ind1=" " ind2="4">
         <subfield code="a">PJ5305</subfield>
         <subfield code="b">.M4 1992</subfield>
      </datafield>
      <datafield tag="082" ind1="0" ind2="4">
         <subfield code="a">492.43</subfield>
      </datafield>
      <datafield tag="100" ind1="1" ind2=" ">
         <subfield code="6">880-01</subfield>
         <subfield code="a">Melamed, Ezra Zion.</subfield>
      </datafield>
      <datafield tag="245" ind1="1" ind2="0">
         <subfield code="6">880-02</subfield>
         <subfield code="a">Milon Arami-ʻIvri le-Talmud Bavli /</subfield>
         <subfield code="c">me-et ʻEzra Tsiyon Melamed.</subfield>
      </datafield>
      <datafield tag="246" ind1="3" ind2=" ">
         <subfield code="a">Dictionnaire Arameen-Hebreu</subfield>
      </datafield>
      <datafield tag="260" ind1=" " ind2=" ">
         <subfield code="6">880-03</subfield>
         <subfield code="a">Yerushalayim :</subfield>
         <subfield code="b">Hotsaʼat ha-Mosad ʻa.sh. Shemuʼel ṿe-Odet Leṿi,</subfield>
         <subfield code="c">752, ©1992.</subfield>
      </datafield>
      <datafield tag="300" ind1=" " ind2=" ">
         <subfield code="a">17, 573 pages ;</subfield>
         <subfield code="c">25 cm</subfield>
      </datafield>
      <datafield tag="336" ind1=" " ind2=" ">
         <subfield code="a">text</subfield>
         <subfield code="b">txt</subfield>
         <subfield code="2">rdacontent</subfield>
      </datafield>
      <datafield tag="337" ind1=" " ind2=" ">
         <subfield code="a">unmediated</subfield>
         <subfield code="b">n</subfield>
         <subfield code="2">rdamedia</subfield>
      </datafield>
      <datafield tag="338" ind1=" " ind2=" ">
         <subfield code="a">volume</subfield>
         <subfield code="b">nc</subfield>
         <subfield code="2">rdacarrier</subfield>
      </datafield>
      <datafield tag="500" ind1=" " ind2=" ">
         <subfield code="a">Title on t.p. verso: Dictionnaire Arameen-Hebreu.</subfield>
      </datafield>
      <datafield tag="500" ind1=" " ind2=" ">
         <subfield code="a">ISAW copy is from the Library of Hayim and Miriam Tadmor.</subfield>
         <subfield code="5">NNU</subfield>
      </datafield>
      <datafield tag="650" ind1=" " ind2="0">
         <subfield code="a">Aramaic language</subfield>
         <subfield code="v">Dictionaries</subfield>
         <subfield code="x">Hebrew.</subfield>
      </datafield>
      <datafield tag="630" ind1="0" ind2="0">
         <subfield code="a">Talmud.</subfield>
         <subfield code="l">Aramaic</subfield>
         <subfield code="x">Dictionaries.</subfield>
      </datafield>
      <datafield tag="776" ind1="0" ind2="8">
         <subfield code="i">Online version:</subfield>
         <subfield code="a">Melamed, Ezra Zion.</subfield>
         <subfield code="t">Milon Arami-ʻIvri le-Talmud Bavli.</subfield>
         <subfield code="d">Yerushalayim : Hotsaʼat ha-Mosad ʻa.sh. Shemuʼel ṿe-Odet Leṿi, 752, ©1992</subfield>
         <subfield code="w">(OCoLC)607647635</subfield>
      </datafield>
      <datafield tag="796" ind1="1" ind2=" ">
         <subfield code="a">Tadmor, Hayim,</subfield>
         <subfield code="e">former owner.</subfield>
      </datafield>
      <datafield tag="796" ind1="1" ind2=" ">
         <subfield code="a">Tadmor, Miriam,</subfield>
         <subfield code="e">former owner.</subfield>
      </datafield>
      <datafield tag="797" ind1="2" ind2=" ">
         <subfield code="a">Tadmor Collection.</subfield>
      </datafield>
      <datafield tag="880" ind1="1" ind2=" ">
         <subfield code="6">100-01/</subfield>
         <subfield code="a">מלמד, עזרא ציון.</subfield>
      </datafield>
      <datafield tag="880" ind1="1" ind2="0">
         <subfield code="6">245-02/</subfield>
         <subfield code="a">מלון ארמי־עברי לתלמוד בבלי /</subfield>
         <subfield code="c">מאת עזרא ציון מלמד.</subfield>
      </datafield>
      <datafield tag="880" ind1=" " ind2=" ">
         <subfield code="6">260-03/</subfield>
         <subfield code="a">ירושלים :</subfield>
         <subfield code="b">הוצאת המוסד ע״ש שמואל ואודט לוי,</subfield>
         <subfield code="c">תשנ״ב, c1992.</subfield>
      </datafield>
      <datafield tag="OWN" ind1=" " ind2=" ">
         <subfield code="a">GENERAL</subfield>
      </datafield>
      <datafield tag="AVA" ind1=" " ind2=" ">
         <subfield code="a">NYU50</subfield>
         <subfield code="b">NISAW</subfield>
         <subfield code="c">Small Collection</subfield>
         <subfield code="d">PJ5305 .M4 1992</subfield>
         <subfield code="e">available</subfield>
         <subfield code="t">Available</subfield>
         <subfield code="f">1</subfield>
         <subfield code="g">0</subfield>
         <subfield code="h">N</subfield>
         <subfield code="i">0</subfield>
         <subfield code="j">SMALL</subfield>
         <subfield code="k">0</subfield>
      </datafield>
      <marc:datafield tag="852" ind1=" " ind2=" ">
         <marc:subfield code="b">Institute for the Study of the Ancient World, </marc:subfield>
         <marc:subfield code="c">Small Collection</marc:subfield>
         <marc:subfield code="e">15 East 84th St., </marc:subfield>
         <marc:subfield code="e">New York, NY  10028</marc:subfield>
      </marc:datafield>
   </record>