
  
  
  
  
  
  
 
  
  <record xsi:schemaLocation="http://www.loc.gov/MARC21/slim http://www.loc.gov/standards/marcxml/schema/MARC21slim.xsd">
      <leader>00000cam  2200373 i 4500</leader>
      <controlfield tag="FMT">BK</controlfield>
      <controlfield tag="LDR">00000cam  2200373 i 4500</controlfield>
      <controlfield tag="001">004151827</controlfield>
      <controlfield tag="003">OCoLC</controlfield>
      <controlfield tag="005">20150623112949.0</controlfield>
      <controlfield tag="008">150623t20152015njuab    b    001 0 eng</controlfield>
      <datafield tag="010" ind1=" " ind2=" ">
         <subfield code="a">2014044819</subfield>
      </datafield>
      <datafield tag="020" ind1=" " ind2=" ">
         <subfield code="a">9781444331356 (cloth)</subfield>
      </datafield>
      <datafield tag="020" ind1=" " ind2=" ">
         <subfield code="a">1444331353 (cloth)</subfield>
      </datafield>
      <datafield tag="020" ind1=" " ind2=" ">
         <subfield code="z">9781118785539</subfield>
         <subfield code="q">electronic bk.</subfield>
      </datafield>
      <datafield tag="020" ind1=" " ind2=" ">
         <subfield code="z">1118785533</subfield>
         <subfield code="q">electronic bk.</subfield>
      </datafield>
      <datafield tag="020" ind1=" " ind2=" ">
         <subfield code="z">9781118785508</subfield>
         <subfield code="q">electronic bk.</subfield>
      </datafield>
      <datafield tag="020" ind1=" " ind2=" ">
         <subfield code="z">1118785509</subfield>
         <subfield code="q">electronic bk.</subfield>
      </datafield>
      <datafield tag="035" ind1=" " ind2=" ">
         <subfield code="a">(OCoLC)897510500</subfield>
      </datafield>
      <datafield tag="040" ind1=" " ind2=" ">
         <subfield code="a">DLC</subfield>
         <subfield code="b">eng</subfield>
         <subfield code="e">rda</subfield>
         <subfield code="c">DLC</subfield>
         <subfield code="d">OCLCO</subfield>
         <subfield code="d">OCLCF</subfield>
         <subfield code="d">CDX</subfield>
         <subfield code="d">NNU</subfield>
      </datafield>
      <datafield tag="042" ind1=" " ind2=" ">
         <subfield code="a">pcc</subfield>
      </datafield>
      <datafield tag="043" ind1=" " ind2=" ">
         <subfield code="a">a-ir---</subfield>
      </datafield>
      <datafield tag="050" ind1="0" ind2="0">
         <subfield code="a">BL1572</subfield>
         <subfield code="b">.W55 2015</subfield>
      </datafield>
      <datafield tag="082" ind1="0" ind2="0">
         <subfield code="a">295</subfield>
         <subfield code="2">23</subfield>
      </datafield>
      <datafield tag="245" ind1="0" ind2="4">
         <subfield code="a">The Wiley Blackwell companion to Zoroastrianism /</subfield>
         <subfield code="c">Edited by Michael Stausberg and Yuhan Sohrab-Dinshaw Vevaina with the assistance of Anna Tessmann.</subfield>
      </datafield>
      <datafield tag="246" ind1="3" ind2="0">
         <subfield code="a">Companion to Zoroastrianism</subfield>
      </datafield>
      <datafield tag="264" ind1=" " ind2="1">
         <subfield code="a">Hoboken :</subfield>
         <subfield code="b">John Wiley &amp; Sons Inc.,</subfield>
         <subfield code="c">2015.</subfield>
      </datafield>
      <datafield tag="264" ind1=" " ind2="4">
         <subfield code="c">©2015</subfield>
      </datafield>
      <datafield tag="300" ind1=" " ind2=" ">
         <subfield code="a">xxvii, 668 pages :</subfield>
         <subfield code="b">black-and-white illustrations, black-and-white map ;</subfield>
         <subfield code="c">25 cm.</subfield>
      </datafield>
      <datafield tag="336" ind1=" " ind2=" ">
         <subfield code="a">text</subfield>
         <subfield code="a">txt</subfield>
         <subfield code="2">rdacontent</subfield>
      </datafield>
      <datafield tag="337" ind1=" " ind2=" ">
         <subfield code="a">unmediated</subfield>
         <subfield code="b">n</subfield>
         <subfield code="2">rdamedia</subfield>
      </datafield>
      <datafield tag="338" ind1=" " ind2=" ">
         <subfield code="a">volume</subfield>
         <subfield code="b">nc</subfield>
         <subfield code="2">rdacarrier</subfield>
      </datafield>
      <datafield tag="490" ind1="1" ind2=" ">
         <subfield code="a">The Wiley Blackwell Companions to Religion</subfield>
      </datafield>
      <datafield tag="504" ind1=" " ind2=" ">
         <subfield code="a">Includes bibliographical references and index.</subfield>
      </datafield>
      <datafield tag="505" ind1="0" ind2="0">
         <subfield code="g">Introduction.</subfield>
         <subfield code="t">Scholarship on Zoroastrianism /</subfield>
         <subfield code="r">Stausberg, Michael ;</subfield>
         <subfield code="r">Vevaina, Yuhan Sohrab-Dinshaw.</subfield>
         <subfield code="g">Part I.</subfield>
         <subfield code="t">Zarathustra Revisited.</subfield>
         <subfield code="t">Zarathustra's Time and Homeland : Geographical Perspectives /</subfield>
         <subfield code="r">Grenet, Frantz --</subfield>
         <subfield code="t">Zarathustra's Time and Homeland : Linguistic Perspectives /</subfield>
         <subfield code="r">Hintze, Almut --</subfield>
         <subfield code="t">Interpretations of Zarathustra and the Gāthās.</subfield>
         <subfield code="t">Gāthās /</subfield>
         <subfield code="r">Humbach, Helmut --</subfield>
         <subfield code="t">Gāthās, Said to Be of Zarathustra /</subfield>
         <subfield code="r">Kellens, Jean --</subfield>
         <subfield code="t">Dimensions of the Gāthās as Poetry /</subfield>
         <subfield code="r">Schwartz, Martin --</subfield>
         <subfield code="t">Gāthās as Myth and Ritual /</subfield>
         <subfield code="r">Skjærvø, Prods Oktor --</subfield>
         <subfield code="t">Zarathustra : Post-Gathic Trajectories /</subfield>
         <subfield code="r">Stausberg, Michael.</subfield>
         <subfield code="g">Part II.</subfield>
         <subfield code="t">Periods, Regions, and Contexts.</subfield>
         <subfield code="t">Religion and Politics in Pre-Islamic Iran /</subfield>
         <subfield code="r">Jong, Albert de --</subfield>
         <subfield code="t">Zoroastrianism under Islamic Rule /</subfield>
         <subfield code="r">Daryaee, Touraj --</subfield>
         <subfield code="t">Armenian and Georgian Zoroastrianism /</subfield>
         <subfield code="r">Jong, Albert de --</subfield>
         <subfield code="t">Zoroastrianism in Central Asia /</subfield>
         <subfield code="r">Grenet, Frantz --</subfield>
         <subfield code="t">Zoroastrianism in the Far East /</subfield>
         <subfield code="r">Aoki, Takeshi --</subfield>
         <subfield code="t">Parsis --</subfield>
         <subfield code="t">Hinnells, John R. --</subfield>
         <subfield code="t">Zoroastrians in Modern Iran /</subfield>
         <subfield code="r">Stausberg, Michael --</subfield>
         <subfield code="t">Zoroastrian Diaspora /</subfield>
         <subfield code="r">Hinnells, John R.</subfield>
         <subfield code="g">Part III.</subfield>
         <subfield code="t">Structures, Discourses, and Dimensions.</subfield>
         <subfield code="t">Theologies and Hermeneutics /</subfield>
         <subfield code="r">Vevaina, Yuhan Sohrab-Dinshaw --</subfield>
         <subfield code="t">Cosmologies and Astrology /</subfield>
         <subfield code="r">Panaino, Antonio --</subfield>
         <subfield code="t">Myths, Legends, Eschatologies /</subfield>
         <subfield code="r">Cereti, Carlo G. --</subfield>
         <subfield code="t">Gender /</subfield>
         <subfield code="r">Rose, Jenny --</subfield>
         <subfield code="t">Law in Pre-Modern Zoroastrianism /</subfield>
         <subfield code="r">Macuch, Maria --</subfield>
         <subfield code="t">Law and Modern Zoroastrians /</subfield>
         <subfield code="r">Sharafi, Mitra.</subfield>
         <subfield code="g">Part IV.</subfield>
         <subfield code="t">Practices and Sites.</subfield>
         <subfield code="t">Ethics /</subfield>
         <subfield code="r">Cantera, Alberto --</subfield>
         <subfield code="t">Prayer /</subfield>
         <subfield code="r">Kotwal, Firoze M. ;</subfield>
         <subfield code="r">Kreyenbroek, Philip G. --</subfield>
         <subfield code="t">Purity and Pollution/The Body /</subfield>
         <subfield code="r">Williams, Alan V. --</subfield>
         <subfield code="t">Rituals /</subfield>
         <subfield code="r">Stausberg, Michael ;</subfield>
         <subfield code="r">Karanjia, Ramiyar P. --</subfield>
         <subfield code="t">Festivals and the Calendar /</subfield>
         <subfield code="r">Rose, Jenny --</subfield>
         <subfield code="t">Religious Sites and Physical Structures /</subfield>
         <subfield code="r">Choksy, Jamsheed K.</subfield>
      </datafield>
      <datafield tag="505" ind1="8" ind2="0">
         <subfield code="g">Part V.</subfield>
         <subfield code="t">Intersections.</subfield>
         <subfield code="t">Early India and Iran /</subfield>
         <subfield code="r">Skjærvø, Prods Oktor --</subfield>
         <subfield code="t">Judaism /</subfield>
         <subfield code="r">Elman, Yaakov ;</subfield>
         <subfield code="r">Secunda, Shai --</subfield>
         <subfield code="t">Classical World /</subfield>
         <subfield code="r">West, Martin L. --</subfield>
         <subfield code="t">From Miθra to Roman Mithras /</subfield>
         <subfield code="r">Gordon, Richard L. --</subfield>
         <subfield code="t">Christianity /</subfield>
         <subfield code="r">Frenschkowski, Marco --</subfield>
         <subfield code="t">Manichaeism in Iran /</subfield>
         <subfield code="r">Hutter, Manfred --</subfield>
         <subfield code="t">Islam /</subfield>
         <subfield code="r">Shaked, Shaul --</subfield>
         <subfield code="t">Yezidi and Yarsan Traditions /</subfield>
         <subfield code="r">Kreyenbroek, Philip G. --</subfield>
         <subfield code="t">Bahā'ī Faith /</subfield>
         <subfield code="r">Momen, Moojan.</subfield>
         <subfield code="g">Part VI.</subfield>
         <subfield code="t">Primary Sources.</subfield>
         <subfield code="t">Primary Sources : Avestan and Pahlavi /</subfield>
         <subfield code="r">Andrés-Toledo, Miguel Ángel --</subfield>
         <subfield code="t">Primary Sources : New Persian /</subfield>
         <subfield code="r">Sheffield, Daniel J. --</subfield>
         <subfield code="t">Primary Sources : Gujarati /</subfield>
         <subfield code="r">Sheffield, Daniel J.</subfield>
      </datafield>
      <datafield tag="530" ind1=" " ind2=" ">
         <subfield code="a">Also published online.</subfield>
      </datafield>
      <datafield tag="650" ind1=" " ind2="0">
         <subfield code="a">Zoroastrianism.</subfield>
      </datafield>
      <datafield tag="650" ind1=" " ind2="7">
         <subfield code="a">Zoroastrianism.</subfield>
         <subfield code="2">fast</subfield>
         <subfield code="0">(OCoLC)fst01184829</subfield>
      </datafield>
      <datafield tag="700" ind1="1" ind2=" ">
         <subfield code="a">Stausberg, Michael</subfield>
         <subfield code="e">editor.</subfield>
      </datafield>
      <datafield tag="700" ind1="1" ind2=" ">
         <subfield code="a">Vevaina, Yuhan Sohrab-Dinshaw,</subfield>
         <subfield code="e">editor.</subfield>
      </datafield>
      <datafield tag="700" ind1="1" ind2=" ">
         <subfield code="a">Tessmann, Anna,</subfield>
         <subfield code="e">editor.</subfield>
      </datafield>
      <datafield tag="776" ind1="0" ind2="8">
         <subfield code="i">Online version:</subfield>
         <subfield code="t">Wiley Blackwell companion to Zoroastrianism</subfield>
         <subfield code="d">Hoboken : John Wiley &amp; Sons Inc., 2015</subfield>
         <subfield code="z">9781118785508</subfield>
         <subfield code="w">(DLC) 2014047227</subfield>
      </datafield>
      <datafield tag="830" ind1=" " ind2="0">
         <subfield code="a">Wiley-Blackwell companions to religion.</subfield>
      </datafield>
      <datafield tag="994" ind1=" " ind2=" ">
         <subfield code="a">Z0</subfield>
         <subfield code="b">ZYU</subfield>
      </datafield>
      <datafield tag="OWN" ind1=" " ind2=" ">
         <subfield code="a">GENERAL</subfield>
      </datafield>
      <datafield tag="AVA" ind1=" " ind2=" ">
         <subfield code="a">NYU50</subfield>
         <subfield code="b">NISAW</subfield>
         <subfield code="c">Small Collection</subfield>
         <subfield code="d">BL1572 .W55 2015</subfield>
         <subfield code="e">available</subfield>
         <subfield code="t">Available</subfield>
         <subfield code="f">1</subfield>
         <subfield code="g">0</subfield>
         <subfield code="h">N</subfield>
         <subfield code="i">0</subfield>
         <subfield code="j">SMALL</subfield>
         <subfield code="k">0</subfield>
      </datafield>
      <marc:datafield tag="852" ind1=" " ind2=" ">
         <marc:subfield code="b">Institute for the Study of the Ancient World, </marc:subfield>
         <marc:subfield code="c">Small Collection</marc:subfield>
         <marc:subfield code="e">15 East 84th St., </marc:subfield>
         <marc:subfield code="e">New York, NY  10028</marc:subfield>
      </marc:datafield>
   </record>