
  
  
  
  
  
  
 
  
  <record xsi:schemaLocation="http://www.loc.gov/MARC21/slim http://www.loc.gov/standards/marcxml/schema/MARC21slim.xsd">
      <leader>00000nam a22      i 4500</leader>
      <controlfield tag="FMT">BK</controlfield>
      <controlfield tag="LDR">00000nam a22      i 4500</controlfield>
      <controlfield tag="001">004151834</controlfield>
      <controlfield tag="005">20150623123114.0</controlfield>
      <controlfield tag="008">150623s2014    pl abe   b    001 0 eng d</controlfield>
      <datafield tag="040" ind1=" " ind2=" ">
         <subfield code="a">NNU</subfield>
         <subfield code="b">eng</subfield>
         <subfield code="e">rda</subfield>
         <subfield code="c">NNU</subfield>
      </datafield>
      <datafield tag="041" ind1="0" ind2=" ">
         <subfield code="a">eng</subfield>
         <subfield code="a">fre</subfield>
         <subfield code="a">ger</subfield>
         <subfield code="b">pol</subfield>
      </datafield>
      <datafield tag="043" ind1=" " ind2=" ">
         <subfield code="a">a-tu---</subfield>
      </datafield>
      <datafield tag="050" ind1=" " ind2="4">
         <subfield code="a">DS156.A36</subfield>
         <subfield code="b">L38 2014</subfield>
      </datafield>
      <datafield tag="245" ind1="0" ind2="0">
         <subfield code="a">Late Hellenistic to Mediaeval fine wares of the Aegean coast of Anatolia :</subfield>
         <subfield code="b">their production, imitation and use /</subfield>
         <subfield code="c">édité par Henryk Meyza, avec la collaboration de Krzystztof Domżalski.</subfield>
      </datafield>
      <datafield tag="246" ind1="1" ind2="5">
         <subfield code="a">Ceramika stołowa Egejskiego wybrzeża Anatolii od okresu późnohellenistycznego do średniowiecza :</subfield>
         <subfield code="b">produkcja, naśladownictwa i zastosowanie</subfield>
      </datafield>
      <datafield tag="264" ind1=" " ind2="1">
         <subfield code="a">Varsovie :</subfield>
         <subfield code="b">Éditions Neriton,</subfield>
         <subfield code="c">2014.</subfield>
      </datafield>
      <datafield tag="300" ind1=" " ind2=" ">
         <subfield code="a">219 pages :</subfield>
         <subfield code="b">illustrations (some color), maps, plans ;</subfield>
         <subfield code="c">30 cm.</subfield>
      </datafield>
      <datafield tag="336" ind1=" " ind2=" ">
         <subfield code="a">text</subfield>
         <subfield code="b">txt</subfield>
         <subfield code="2">rdacontent</subfield>
      </datafield>
      <datafield tag="337" ind1=" " ind2=" ">
         <subfield code="a">unmediated</subfield>
         <subfield code="b">n</subfield>
         <subfield code="2">rdamedia</subfield>
      </datafield>
      <datafield tag="338" ind1=" " ind2=" ">
         <subfield code="a">volume</subfield>
         <subfield code="b">nc</subfield>
         <subfield code="2">rdacarrier</subfield>
      </datafield>
      <datafield tag="490" ind1="1" ind2=" ">
         <subfield code="a">Travaux de l'Institut des Cultures Méditerranéennes et Orientales de l'Académie Polonaise des Science = Prace Instytutu Kultur Śródziemnomorskich i Orientalnych Polskiej Akademii Nauk ;</subfield>
         <subfield code="v">tome 1 = tom 1</subfield>
      </datafield>
      <datafield tag="504" ind1=" " ind2=" ">
         <subfield code="a">Includes bibliographical references (pages [201]-215) and index.</subfield>
      </datafield>
      <datafield tag="505" ind1="0" ind2="0">
         <subfield code="g">Part I.</subfield>
         <subfield code="t">Production at Pergamon and its region.</subfield>
         <subfield code="t">Sigillata of Pergamon : Eastern Sigillata C : Problems of classification and chronology /</subfield>
         <subfield code="r">Japp, S. --</subfield>
         <subfield code="t">Production des ateliers de céramique de Pergame (Vallée de Ketios) : un aperçu général /</subfield>
         <subfield code="r">Bounegru, O. --</subfield>
         <subfield code="t">Statistical interpretation of elemental concentration data and the origin of Pergamene pottery /</subfield>
         <subfield code="r">Mommsen, H. --</subfield>
         <subfield code="t">Pergamene (?) modiolus in the National Museum of Denmark /</subfield>
         <subfield code="r">Lund, J.</subfield>
         <subfield code="g">Part II.</subfield>
         <subfield code="t">Other production sites of western Anatolia.</subfield>
         <subfield code="t">Ephesus : local vs import : The Early Byzantine fine ware /</subfield>
         <subfield code="r">Waldner, A. --</subfield>
         <subfield code="t">Microstructural characteristics of appliqué wares from Ephesus /</subfield>
         <subfield code="r">Peloschek, L. --</subfield>
         <subfield code="t">Aspects of fine ware consumption in Aeolic Kyme (I-VI AD) /</subfield>
         <subfield code="r">Di Giovanni, V. --</subfield>
         <subfield code="t">From Hellenistic to Roman Imperial in Pisidian tableware : the genesis of Sagalassos Red Slip Ware /</subfield>
         <subfield code="r">Van der Enden, M. --</subfield>
         <subfield code="t">Zur Neuentdeckung eines Töpfereizentrums der Cypriot Red Slip Ware/Late Roman D Ware im südlichen Pisidien /</subfield>
         <subfield code="r">Zelle, M. --</subfield>
         <subfield code="t">Long-term pottery production and chemical reference groups : examples from Medieval Western Turkey /</subfield>
         <subfield code="r">Waksman, S.Y.</subfield>
         <subfield code="g">Part III.</subfield>
         <subfield code="t">Consumption and distribution.</subfield>
         <subfield code="t">Hellenistic Pergamene tableware in the northern Black Sea region /</subfield>
         <subfield code="r">Zhuravlev, D. --</subfield>
         <subfield code="t">Pitane workshop and the most successful export of Eastern Sigillata C /</subfield>
         <subfield code="r">Domżalski, K. --</subfield>
         <subfield code="t">Eastern sigillatas (ESA, "Pergamene" and others) in the Delos houses : proportions and uses /</subfield>
         <subfield code="r">Peignard-Giros, A. --</subfield>
         <subfield code="t">So-called Pergamenian Sigillata from Delos : post-analysis review of evidence /</subfield>
         <subfield code="r">Meyza, H. --</subfield>
         <subfield code="t">Late Roman Light Coloured Ware from Parion /</subfield>
         <subfield code="r">Ergürer, H.E. --</subfield>
         <subfield code="t">LRC (Phocaean) ware pottery in the urban context of Hippos - Susita /</subfield>
         <subfield code="r">Młynarczyk, J.</subfield>
      </datafield>
      <datafield tag="546" ind1=" " ind2=" ">
         <subfield code="a">Contributions in English, French, or German; added title page in Polish.</subfield>
      </datafield>
      <datafield tag="650" ind1=" " ind2="0">
         <subfield code="a">Pottery, Hellenistic</subfield>
         <subfield code="z">Turkey</subfield>
         <subfield code="z">Aegean Sea Coast.</subfield>
      </datafield>
      <datafield tag="650" ind1=" " ind2="0">
         <subfield code="a">Pottery</subfield>
         <subfield code="z">Turkey</subfield>
         <subfield code="z">Aegean Sea Coast.</subfield>
      </datafield>
      <datafield tag="651" ind1=" " ind2="0">
         <subfield code="a">Aegean Sea Coast (Turkey)</subfield>
         <subfield code="x">Antiquities.</subfield>
      </datafield>
      <datafield tag="651" ind1=" " ind2="0">
         <subfield code="a">Pergamum (Extinct city)</subfield>
      </datafield>
      <datafield tag="700" ind1="1" ind2=" ">
         <subfield code="a">Meyza, Henryk,</subfield>
         <subfield code="e">editor.</subfield>
      </datafield>
      <datafield tag="700" ind1="1" ind2=" ">
         <subfield code="a">Domżalski, Krzysztof,</subfield>
         <subfield code="e">editor.</subfield>
      </datafield>
      <datafield tag="830" ind1=" " ind2="0">
         <subfield code="a">Travaux de l'Institut des Cultures Méditerranéennes et Orientales de l' Académie Polonaise des Science ;</subfield>
         <subfield code="v">1.</subfield>
      </datafield>
      <datafield tag="OWN" ind1=" " ind2=" ">
         <subfield code="a">GENERAL</subfield>
      </datafield>
      <datafield tag="AVA" ind1=" " ind2=" ">
         <subfield code="a">NYU50</subfield>
         <subfield code="b">NISAW</subfield>
         <subfield code="c">Large Collection</subfield>
         <subfield code="d">DS156.A36 L38 2014</subfield>
         <subfield code="e">available</subfield>
         <subfield code="t">Available</subfield>
         <subfield code="f">1</subfield>
         <subfield code="g">0</subfield>
         <subfield code="h">N</subfield>
         <subfield code="i">0</subfield>
         <subfield code="j">LARGE</subfield>
         <subfield code="k">0</subfield>
      </datafield>
      <marc:datafield tag="852" ind1=" " ind2=" ">
         <marc:subfield code="b">Institute for the Study of the Ancient World, </marc:subfield>
         <marc:subfield code="c">Large Collection</marc:subfield>
         <marc:subfield code="e">15 East 84th St., </marc:subfield>
         <marc:subfield code="e">New York, NY  10028</marc:subfield>
      </marc:datafield>
   </record>