
  
  
  
  
 
  
  <record xsi:schemaLocation="http://www.loc.gov/MARC21/slim http://www.loc.gov/standards/marcxml/schema/MARC21slim.xsd">
      <leader>00000cam  2200337 a 4500</leader>
      <controlfield tag="FMT">BK</controlfield>
      <controlfield tag="LDR">00000cam  2200337 a 4500</controlfield>
      <controlfield tag="001">004151905</controlfield>
      <controlfield tag="003">OCoLC</controlfield>
      <controlfield tag="005">20150624110850.0</controlfield>
      <controlfield tag="008">150623s1987    gw       b    000 0 ger d</controlfield>
      <datafield tag="020" ind1=" " ind2=" ">
         <subfield code="a">3518282530</subfield>
      </datafield>
      <datafield tag="020" ind1=" " ind2=" ">
         <subfield code="a">9783518282533</subfield>
      </datafield>
      <datafield tag="035" ind1=" " ind2=" ">
         <subfield code="a">(OCoLC)535470328</subfield>
      </datafield>
      <datafield tag="040" ind1=" " ind2=" ">
         <subfield code="a">FIE</subfield>
         <subfield code="b">eng</subfield>
         <subfield code="c">FIE</subfield>
         <subfield code="d">OCLCO</subfield>
         <subfield code="d">NNU</subfield>
      </datafield>
      <datafield tag="050" ind1=" " ind2="4">
         <subfield code="a">CB311</subfield>
         <subfield code="b">.K858 1987</subfield>
      </datafield>
      <datafield tag="082" ind1="0" ind2="4">
         <subfield code="a">930</subfield>
      </datafield>
      <datafield tag="245" ind1="0" ind2="0">
         <subfield code="a">Kulturen der Achsenzeit :</subfield>
         <subfield code="b">ihre Urspruenge und ihre Vielfalt /</subfield>
         <subfield code="c">herausgegeben von Shmuel N. Eisenstadt ; uebersetzt von Ruth Achlama und Gavriella Schalit.</subfield>
      </datafield>
      <datafield tag="250" ind1=" " ind2=" ">
         <subfield code="a">1. Auflage.</subfield>
      </datafield>
      <datafield tag="264" ind1=" " ind2="1">
         <subfield code="a">Frankfurt am Main, Germany :</subfield>
         <subfield code="b">Suhrkamp,</subfield>
         <subfield code="c">1987.</subfield>
      </datafield>
      <datafield tag="300" ind1=" " ind2=" ">
         <subfield code="a">2 volumes (326, 361 pages) ;</subfield>
         <subfield code="c">18 cm.</subfield>
      </datafield>
      <datafield tag="336" ind1=" " ind2=" ">
         <subfield code="a">text</subfield>
         <subfield code="b">txt</subfield>
         <subfield code="2">rdacontent</subfield>
      </datafield>
      <datafield tag="337" ind1=" " ind2=" ">
         <subfield code="a">unmediated</subfield>
         <subfield code="b">n</subfield>
         <subfield code="2">rdamedia</subfield>
      </datafield>
      <datafield tag="338" ind1=" " ind2=" ">
         <subfield code="a">volume</subfield>
         <subfield code="b">nc</subfield>
         <subfield code="2">rdacarrier</subfield>
      </datafield>
      <datafield tag="490" ind1="1" ind2=" ">
         <subfield code="a">Suhrkamp Taschenbuch Wissenschaft ;</subfield>
         <subfield code="v">653.</subfield>
      </datafield>
      <datafield tag="500" ind1=" " ind2=" ">
         <subfield code="a">ISAW copy (T. 1-2) is from the Library of Hayim and Miriam Tadmor.</subfield>
         <subfield code="5">NNU</subfield>
      </datafield>
      <datafield tag="504" ind1=" " ind2=" ">
         <subfield code="a">Includes bibliographical references.</subfield>
      </datafield>
      <datafield tag="505" ind1="0" ind2="0">
         <subfield code="g">T. 1.</subfield>
         <subfield code="t">Griechenland, Israel, Mesopotamien.</subfield>
         <subfield code="g">Allgemeine Einleitung :</subfield>
         <subfield code="t">Bedingungen für die Entstehung und Institutionalisierung der Kulturen der Achsenzeit.</subfield>
         <subfield code="t">Ursprünge der Achsenzeit im Antiken Griechenland.</subfield>
         <subfield code="g">Einleitung :</subfield>
         <subfield code="t">Durchbruch der Achsenzeit im antiken Griechenland /</subfield>
         <subfield code="r">Eissenstadt, Shmuel N. --</subfield>
         <subfield code="t">Entstehung des Denkens zweiter Ordnung im antiken Griechenland /</subfield>
         <subfield code="r">Elkana, Yehuda --</subfield>
         <subfield code="t">Entstehung einer autonomen Intelligenz bei den Griechen /</subfield>
         <subfield code="r">Meier, Christian --</subfield>
         <subfield code="t">Dynamik des griechischen Durchbruchs : Der Dialog zwischen Philosophie und Religion /</subfield>
         <subfield code="r">Humphreys, Sally C. --</subfield>
         <subfield code="t">Bedeutung des Wortes SOMA (Leib) in der Achsenzeit : Eine Interpretation von Platons Kratylos 400 c /</subfield>
         <subfield code="r">Ferwerda, Rein.</subfield>
         <subfield code="t">Ursprünge der Achsenzeit im alten Israel : mit einem vergleichenden Blick auf Mesopotamien.</subfield>
         <subfield code="g">Einleitung :</subfield>
         <subfield code="t">Durchbruch zur Achsenzeit im alten Israel --</subfield>
         <subfield code="t">Mythos und Realität im alten Israel /</subfield>
         <subfield code="r">Uffenheimer, Benjamin --</subfield>
         <subfield code="t">Protest gegen den Imperialismus in der altisraelitischen Prophetie /</subfield>
         <subfield code="r">Weinfeld, Moshe --</subfield>
         <subfield code="t">Über die Selbstbewusstheit in Mesopotamien /</subfield>
         <subfield code="r">Machinist, Peter B. --</subfield>
         <subfield code="t">Monarchie und Eliten in Assyrien und Babylonien: Die Frage der Verantwortlichkeit /</subfield>
         <subfield code="r">Tadmor, Hayim.</subfield>
      </datafield>
      <datafield tag="505" ind1="8" ind2="0">
         <subfield code="g">T. 2.</subfield>
         <subfield code="t">Spätantike, Indien, China, Islam.</subfield>
         <subfield code="t">Sekundären Durchbrüche in der Spätantike : das Judentum des zweiten Tempels und das Christentum.</subfield>
         <subfield code="g">Einleitung :</subfield>
         <subfield code="t">Sekundäre Durchbrüche in der altisraelitischen Zivilisation : Die Zeit des Zweiten Tempels und das Christentum /</subfield>
         <subfield code="r">Eisenstadt, Shmuel N. --</subfield>
         <subfield code="t">Eschatologie, Remythologisierung und kosmische Aporie /</subfield>
         <subfield code="r">Stone, Michael E. --</subfield>
         <subfield code="t">Alter Wein und neue Schläuche : Über patristische Soteriologie und rabbinisches Judentum /</subfield>
         <subfield code="r">Stroumsa, Gedaliahu G. --</subfield>
         <subfield code="t">Christentum in der Depolitisierung des Römischen Reiches /</subfield>
         <subfield code="r">Kippenberg, Hans G. --</subfield>
         <subfield code="t">Urheber konkurrierender transzendentaler Visionen in der Spätanike /</subfield>
         <subfield code="r">Bowersock, Glen W.</subfield>
         <subfield code="t">Ursprünge der Achsenzeit in China und Indien.</subfield>
         <subfield code="g">Einleitung :</subfield>
         <subfield code="t">Durchbruch zur Achsenzeit in Indien und China --</subfield>
         <subfield code="t">Historische Bedingungen für die Entstehung und Herauskristallisierung des konfuzianischen Systems /</subfield>
         <subfield code="r">Hsu, Cho-Yun --</subfield>
         <subfield code="t">Hat es in China einen transzendentalen Durchbruch gegeben? /</subfield>
         <subfield code="r">Elvin, Mark --</subfield>
         <subfield code="t">Struktur und Funktion des konfuzianischen Intellektuellen im alten China /</subfield>
         <subfield code="r">Wei-Ming, Tu --</subfield>
         <subfield code="t">Historischen Ursprünge der indischen Achsenzeit /</subfield>
         <subfield code="r">Kulke, Hermann --</subfield>
         <subfield code="t">Ritual, Offenbarung und Achsenzeit /</subfield>
         <subfield code="r">Heesterman, Jan C. --</subfield>
         <subfield code="t">Aśvatthāman und Bṛannaḍā : Brahmanische und königliche Paradigmen im Sanskrit-Epos /</subfield>
         <subfield code="r">Shulman, David --</subfield>
         <subfield code="t">Einige Bemerkungen über den Platz des Intellektuellen in Max Webers Soziologie, unter besonderer Berücksichtigung des Hinduismus /</subfield>
         <subfield code="r">Shils, Edward --</subfield>
         <subfield code="t">Reflexiven und institutionellen Leistungen des frühen Buddhismus /</subfield>
         <subfield code="r">Tambiah, Stanley J.</subfield>
         <subfield code="t">Ursprünge des Islam.</subfield>
         <subfield code="t">Einführende Bemerkungen /</subfield>
         <subfield code="r">Eisenstadt, Shmuel N. --</subfield>
         <subfield code="t">Entstehung der islamischen Kultur /</subfield>
         <subfield code="r">Cook, Michael.</subfield>
      </datafield>
      <datafield tag="650" ind1=" " ind2="0">
         <subfield code="a">Civilization, Ancient.</subfield>
      </datafield>
      <datafield tag="650" ind1=" " ind2="0">
         <subfield code="a">Comparative civilization.</subfield>
      </datafield>
      <datafield tag="796" ind1="1" ind2=" ">
         <subfield code="a">Tadmor, Hayim,</subfield>
         <subfield code="e">former owner.</subfield>
      </datafield>
      <datafield tag="796" ind1="1" ind2=" ">
         <subfield code="a">Tadmor, Miriam,</subfield>
         <subfield code="e">former owner.</subfield>
      </datafield>
      <datafield tag="797" ind1="2" ind2=" ">
         <subfield code="a">Tadmor Collection.</subfield>
      </datafield>
      <datafield tag="700" ind1="1" ind2=" ">
         <subfield code="a">Eisenstadt, S. N.</subfield>
         <subfield code="q">(Shmuel Noah),</subfield>
         <subfield code="d">1923-2010.</subfield>
      </datafield>
      <datafield tag="700" ind1="1" ind2=" ">
         <subfield code="a">Achlama, Ruth.</subfield>
      </datafield>
      <datafield tag="700" ind1="1" ind2=" ">
         <subfield code="a">Schalit, Gavrielle.</subfield>
      </datafield>
      <datafield tag="830" ind1=" " ind2="0">
         <subfield code="a">Suhrkamp Taschenbuch Wissenschaft ;</subfield>
         <subfield code="v">653.</subfield>
      </datafield>
      <datafield tag="994" ind1=" " ind2=" ">
         <subfield code="a">Z0</subfield>
         <subfield code="b">ZYU</subfield>
      </datafield>
      <datafield tag="OWN" ind1=" " ind2=" ">
         <subfield code="a">GENERAL</subfield>
      </datafield>
      <datafield tag="AVA" ind1=" " ind2=" ">
         <subfield code="a">NYU50</subfield>
         <subfield code="b">NISAW</subfield>
         <subfield code="c">Small Collection</subfield>
         <subfield code="d">CB311 .K858 1987</subfield>
         <subfield code="e">available</subfield>
         <subfield code="t">Available</subfield>
         <subfield code="f">2</subfield>
         <subfield code="g">0</subfield>
         <subfield code="h">Y</subfield>
         <subfield code="i">0</subfield>
         <subfield code="j">SMALL</subfield>
         <subfield code="k">0</subfield>
      </datafield>
      <marc:datafield tag="852" ind1=" " ind2=" ">
         <marc:subfield code="b">Institute for the Study of the Ancient World, </marc:subfield>
         <marc:subfield code="c">Small Collection</marc:subfield>
         <marc:subfield code="e">15 East 84th St., </marc:subfield>
         <marc:subfield code="e">New York, NY  10028</marc:subfield>
      </marc:datafield>
   </record>