
  
  
  
  
  
  
 
  
  <record xsi:schemaLocation="http://www.loc.gov/MARC21/slim http://www.loc.gov/standards/marcxml/schema/MARC21slim.xsd">
      <leader>00000cam  2200433 a 4500</leader>
      <controlfield tag="FMT">BK</controlfield>
      <controlfield tag="LDR">00000cam  2200433 a 4500</controlfield>
      <controlfield tag="001">004152045</controlfield>
      <controlfield tag="003">OCoLC</controlfield>
      <controlfield tag="005">20150624114743.0</controlfield>
      <controlfield tag="008">150624s1988    gw ac    b    110 0 ger d</controlfield>
      <datafield tag="020" ind1=" " ind2=" ">
         <subfield code="a">386010196X</subfield>
      </datafield>
      <datafield tag="020" ind1=" " ind2=" ">
         <subfield code="a">9783860101964</subfield>
      </datafield>
      <datafield tag="035" ind1=" " ind2=" ">
         <subfield code="a">(OCoLC)20729752</subfield>
      </datafield>
      <datafield tag="040" ind1=" " ind2=" ">
         <subfield code="a">GZM</subfield>
         <subfield code="b">eng</subfield>
         <subfield code="c">GZM</subfield>
         <subfield code="d">OCL</subfield>
         <subfield code="d">OCLCQ</subfield>
         <subfield code="d">OCLCG</subfield>
         <subfield code="d">GEBAY</subfield>
         <subfield code="d">OCLCA</subfield>
         <subfield code="d">GBVCP</subfield>
         <subfield code="d">OCLCO</subfield>
         <subfield code="d">OCLCQ</subfield>
         <subfield code="d">OCLCF</subfield>
         <subfield code="d">OCLCO</subfield>
         <subfield code="d">OCLCQ</subfield>
         <subfield code="d">NNU</subfield>
      </datafield>
      <datafield tag="043" ind1=" " ind2=" ">
         <subfield code="a">e-gw---</subfield>
         <subfield code="a">aw-----</subfield>
      </datafield>
      <datafield tag="050" ind1=" " ind2="4">
         <subfield code="a">LF2776.E5</subfield>
         <subfield code="b">O8 1987</subfield>
      </datafield>
      <datafield tag="090" ind1=" " ind2=" ">
         <subfield code="a">BX4827.E37</subfield>
         <subfield code="b">O88 1987</subfield>
      </datafield>
      <datafield tag="111" ind1="2" ind2=" ">
         <subfield code="a">Otto-Eissfeldt-Ehrung</subfield>
         <subfield code="d">(1987 :</subfield>
         <subfield code="c">Halle an der Saale, Germany)</subfield>
      </datafield>
      <datafield tag="245" ind1="1" ind2="0">
         <subfield code="a">Otto-Eissfeldt-Ehrung 1987 :</subfield>
         <subfield code="b">wissenschaftliche Konferenz der Martin-Luther-Universität Halle-Wittenberg, 30.9.-1.10. 1987 /</subfield>
         <subfield code="c">herausgegeben von Gerhard Wallis.</subfield>
      </datafield>
      <datafield tag="260" ind1=" " ind2=" ">
         <subfield code="a">Halle (Saale) :</subfield>
         <subfield code="b">Abt. Wissenschaftspublizistik der Martin-Luther-Universität Halle-Wittenberg,</subfield>
         <subfield code="c">1988.</subfield>
      </datafield>
      <datafield tag="300" ind1=" " ind2=" ">
         <subfield code="a">119 pages :</subfield>
         <subfield code="b">portrait ;</subfield>
         <subfield code="c">21 cm.</subfield>
      </datafield>
      <datafield tag="336" ind1=" " ind2=" ">
         <subfield code="a">text</subfield>
         <subfield code="b">txt</subfield>
         <subfield code="2">rdacontent</subfield>
      </datafield>
      <datafield tag="337" ind1=" " ind2=" ">
         <subfield code="a">unmediated</subfield>
         <subfield code="b">n</subfield>
         <subfield code="2">rdamedia</subfield>
      </datafield>
      <datafield tag="338" ind1=" " ind2=" ">
         <subfield code="a">volume</subfield>
         <subfield code="b">nc</subfield>
         <subfield code="2">rdacarrier</subfield>
      </datafield>
      <datafield tag="490" ind1="1" ind2=" ">
         <subfield code="a">Wissenschaftliche Beiträge / Martin-Luther-Universität Halle-Wittenberg ;</subfield>
         <subfield code="v">1988/36 (A108)</subfield>
      </datafield>
      <datafield tag="490" ind1="1" ind2=" ">
         <subfield code="a">Kongress- und Tagungsberichte der Martin-Luther-Universität Halle -Wittenberg</subfield>
      </datafield>
      <datafield tag="500" ind1=" " ind2=" ">
         <subfield code="a">ISAW copy is from the Library of Hayim and Miriam Tadmor.</subfield>
         <subfield code="5">NNU</subfield>
      </datafield>
      <datafield tag="504" ind1=" " ind2=" ">
         <subfield code="a">Includes bibliographical references.</subfield>
      </datafield>
      <datafield tag="505" ind1="0" ind2="0">
         <subfield code="t">Würdigung Prof. Dr. Otto Eissfeldts zur 100 : Widerkehr seines Geburtstags /</subfield>
         <subfield code="r">Isbaner, Werner --</subfield>
         <subfield code="t">Gedenket an eure Lehrer : zur Hundertjahrfeier der Geburt Prof. D. Dr. Otto Eissfeldts, DD. /</subfield>
         <subfield code="r">Kubáč, Vladimir --</subfield>
         <subfield code="t">Otto Eissfeldt als Theologe : zum Verhältnis von "Israelitisch-jüdischer Religionsgeschichte" und "Alttestamentlicher Theologie" im Lebenswerk Otto Eissfeldts /</subfield>
         <subfield code="r">Zobel, Hans-Jürgen --</subfield>
         <subfield code="t">Prof. D. Dr. Otto Eissfeldt, DD. als Rektor der Martin-Luther-Universität /</subfield>
         <subfield code="r">Poppe, Eberhard ;</subfield>
         <subfield code="r">Schwabe, Heinz --</subfield>
         <subfield code="t">Otto Eissfeldts Tätigkeit in der Evangelischen Kirche der Kirchenprovinz Sachsen /</subfield>
         <subfield code="r">Kramer, Martin --</subfield>
         <subfield code="t">Bedeutung Otto Eissfeldts für die orientalische Religionsgeschichte /</subfield>
         <subfield code="r">Hillman, Reinhard --</subfield>
         <subfield code="t">Otto Eissfeldts Bedeutung für die katholische Bibelwissenschaft /</subfield>
         <subfield code="r">Reinelt, Heinz --</subfield>
         <subfield code="t">Geschichte Alt-Israels in Otto Eissfeldts Lebenswerk /</subfield>
         <subfield code="r">Beyse, Karl-Martin --</subfield>
         <subfield code="t">Erinnerungen an Otto Eissfeldt /</subfield>
         <subfield code="r">Sellheim, Rudolf.</subfield>
      </datafield>
      <datafield tag="600" ind1="1" ind2="0">
         <subfield code="a">Eissfeldt, Otto,</subfield>
         <subfield code="d">1887-1973</subfield>
         <subfield code="v">Congresses.</subfield>
      </datafield>
      <datafield tag="650" ind1=" " ind2="0">
         <subfield code="a">Theologians</subfield>
         <subfield code="z">Germany</subfield>
         <subfield code="v">Biography.</subfield>
      </datafield>
      <datafield tag="630" ind1="0" ind2="0">
         <subfield code="a">Bible.</subfield>
         <subfield code="p">O.T.</subfield>
         <subfield code="x">Theology</subfield>
         <subfield code="v">Congresses.</subfield>
      </datafield>
      <datafield tag="600" ind1="1" ind2="7">
         <subfield code="a">Eissfeldt, Otto,</subfield>
         <subfield code="d">1887-1973</subfield>
         <subfield code="2">fast</subfield>
         <subfield code="0">(OCoLC)fst00151906</subfield>
      </datafield>
      <datafield tag="655" ind1=" " ind2="7">
         <subfield code="a">Conference proceedings.</subfield>
         <subfield code="2">fast</subfield>
         <subfield code="0">(OCoLC)fst01423772</subfield>
      </datafield>
      <datafield tag="796" ind1="1" ind2=" ">
         <subfield code="a">Tadmor, Hayim,</subfield>
         <subfield code="e">former owner.</subfield>
      </datafield>
      <datafield tag="796" ind1="1" ind2=" ">
         <subfield code="a">Tadmor, Miriam,</subfield>
         <subfield code="e">former owner.</subfield>
      </datafield>
      <datafield tag="797" ind1="2" ind2=" ">
         <subfield code="a">Tadmor Collection.</subfield>
      </datafield>
      <datafield tag="700" ind1="1" ind2=" ">
         <subfield code="a">Wallis, Gerhard.</subfield>
      </datafield>
      <datafield tag="830" ind1=" " ind2="0">
         <subfield code="a">Kongress- und Tagungsberichte der Martin-Luther-Universität Halle-Wittenberg</subfield>
      </datafield>
      <datafield tag="830" ind1=" " ind2="0">
         <subfield code="a">Wissenschaftliche Beiträge der Martin-Luther-Universität Halle-Wittenberg ;</subfield>
         <subfield code="v">1988/36 (A 108).</subfield>
      </datafield>
      <datafield tag="994" ind1=" " ind2=" ">
         <subfield code="a">Z0</subfield>
         <subfield code="b">ZYU</subfield>
      </datafield>
      <datafield tag="OWN" ind1=" " ind2=" ">
         <subfield code="a">GENERAL</subfield>
      </datafield>
      <datafield tag="AVA" ind1=" " ind2=" ">
         <subfield code="a">NYU50</subfield>
         <subfield code="b">NISAW</subfield>
         <subfield code="c">Small Collection</subfield>
         <subfield code="d">BX4827.E37 O88 1987</subfield>
         <subfield code="e">available</subfield>
         <subfield code="t">Available</subfield>
         <subfield code="f">1</subfield>
         <subfield code="g">0</subfield>
         <subfield code="h">N</subfield>
         <subfield code="i">0</subfield>
         <subfield code="j">SMALL</subfield>
         <subfield code="k">0</subfield>
      </datafield>
      <marc:datafield tag="852" ind1=" " ind2=" ">
         <marc:subfield code="b">Institute for the Study of the Ancient World, </marc:subfield>
         <marc:subfield code="c">Small Collection</marc:subfield>
         <marc:subfield code="e">15 East 84th St., </marc:subfield>
         <marc:subfield code="e">New York, NY  10028</marc:subfield>
      </marc:datafield>
   </record>