
  
  
  
  
 
  
  <record xsi:schemaLocation="http://www.loc.gov/MARC21/slim http://www.loc.gov/standards/marcxml/schema/MARC21slim.xsd">
      <leader>00000cam  2200577 i 4500</leader>
      <controlfield tag="FMT">BK</controlfield>
      <controlfield tag="LDR">00000cam  2200577 i 4500</controlfield>
      <controlfield tag="001">004152185</controlfield>
      <controlfield tag="003">OCoLC</controlfield>
      <controlfield tag="005">20150625113622.0</controlfield>
      <controlfield tag="008">150625s2015    tu abe   bc   000 0 tur d</controlfield>
      <datafield tag="020" ind1=" " ind2=" ">
         <subfield code="a">9786054642427</subfield>
      </datafield>
      <datafield tag="020" ind1=" " ind2=" ">
         <subfield code="a">6054642421</subfield>
      </datafield>
      <datafield tag="035" ind1=" " ind2=" ">
         <subfield code="a">(OCoLC)905901468</subfield>
      </datafield>
      <datafield tag="040" ind1=" " ind2=" ">
         <subfield code="a">EUW</subfield>
         <subfield code="b">eng</subfield>
         <subfield code="e">rda</subfield>
         <subfield code="c">EUW</subfield>
         <subfield code="d">NOC</subfield>
         <subfield code="d">DDO</subfield>
         <subfield code="d">CUY</subfield>
         <subfield code="d">OCLCO</subfield>
         <subfield code="d">NLGGC</subfield>
         <subfield code="d">OCLCO</subfield>
         <subfield code="d">NNU</subfield>
      </datafield>
      <datafield tag="041" ind1="1" ind2=" ">
         <subfield code="a">eng</subfield>
         <subfield code="a">tur</subfield>
         <subfield code="h">tur</subfield>
      </datafield>
      <datafield tag="043" ind1=" " ind2=" ">
         <subfield code="a">mm-----</subfield>
      </datafield>
      <datafield tag="050" ind1=" " ind2="4">
         <subfield code="a">N8223</subfield>
         <subfield code="b">.H39 2015</subfield>
      </datafield>
      <datafield tag="245" ind1="0" ind2="0">
         <subfield code="a">Hayat kısa, sanat uzun :</subfield>
         <subfield code="b">Bizans'ta şifa sanatı = Life is short, art long : the art of healing in Byzantium /</subfield>
         <subfield code="c">yayına hazırlayan, Brigitte Pitarakis.</subfield>
      </datafield>
      <datafield tag="246" ind1="3" ind2="1">
         <subfield code="a">Life is short, art long :</subfield>
         <subfield code="b">the art of healing in Byzantium</subfield>
      </datafield>
      <datafield tag="264" ind1=" " ind2="1">
         <subfield code="a">[Istanbul] :</subfield>
         <subfield code="b">Pera Müzesi,</subfield>
         <subfield code="c">[2015]</subfield>
      </datafield>
      <datafield tag="300" ind1=" " ind2=" ">
         <subfield code="a">381 pages :</subfield>
         <subfield code="b">color illustrations, map, plan ;</subfield>
         <subfield code="c">28 cm</subfield>
      </datafield>
      <datafield tag="336" ind1=" " ind2=" ">
         <subfield code="a">text</subfield>
         <subfield code="b">txt</subfield>
         <subfield code="2">rdacontent</subfield>
      </datafield>
      <datafield tag="336" ind1=" " ind2=" ">
         <subfield code="a">still image</subfield>
         <subfield code="b">sti</subfield>
         <subfield code="2">rdacontent</subfield>
      </datafield>
      <datafield tag="337" ind1=" " ind2=" ">
         <subfield code="a">unmediated</subfield>
         <subfield code="b">n</subfield>
         <subfield code="2">rdamedia</subfield>
      </datafield>
      <datafield tag="338" ind1=" " ind2=" ">
         <subfield code="a">volume</subfield>
         <subfield code="b">nc</subfield>
         <subfield code="2">rdacarrier</subfield>
      </datafield>
      <datafield tag="546" ind1=" " ind2=" ">
         <subfield code="a">Turkish and in English.</subfield>
      </datafield>
      <datafield tag="504" ind1=" " ind2=" ">
         <subfield code="a">Includes bibliographical references.</subfield>
      </datafield>
      <datafield tag="505" ind1="0" ind2="0">
         <subfield code="t">Dream healing : from Asklepios to the physician saints /</subfield>
         <subfield code="r">Vincent Déroche --</subfield>
         <subfield code="t">Healing miracles of Christ and the saints /</subfield>
         <subfield code="r">Nancy P. Ševčenko --</subfield>
         <subfield code="t">Water and healing in Constantinople : reading the architectural remains /</subfield>
         <subfield code="r">Robert G. Ousterhout --</subfield>
         <subfield code="t">Light, water, and wondrous creatures : supernatural forces for healing /</subfield>
         <subfield code="r">Brigitte Pitarakis --</subfield>
         <subfield code="t">Constantinople : city of miraculous healing /</subfield>
         <subfield code="r">Alice-Mary Talbot --</subfield>
         <subfield code="t">Medical arts, erudition, and practice in the Byzantine capital /</subfield>
         <subfield code="r">Marie-Hélène Congourdeau --</subfield>
         <subfield code="t">Contextualizing the art of healing by Byzantine physicians /</subfield>
         <subfield code="r">Perros Bouras-Vallianatos --</subfield>
         <subfield code="t">Between the past and the East : Symeon Seth's nutritional advice to Michael VII Doukas /</subfield>
         <subfield code="r">Frederick Lauritzen --</subfield>
         <subfield code="t">Manuscript tradition of Dioscorides' De materia medica from Byzantium to the Arabs /</subfield>
         <subfield code="r">Marie Cronier --</subfield>
         <subfield code="t">Dioscorides and beyond : imported medicinal plants in the Byzantine Empire /</subfield>
         <subfield code="r">Koray Durak --</subfield>
         <subfield code="t">Empowering healing : substgances, senses, and rituals /</subfield>
         <subfield code="r">Brigitte Pitarakis --</subfield>
         <subfield code="t">Embodied self in Byzantine culture /</subfield>
         <subfield code="r">Christos Merantzas --</subfield>
         <subfield code="t">Catalog.</subfield>
      </datafield>
      <datafield tag="500" ind1=" " ind2=" ">
         <subfield code="a">"This catalogue has been prepared for the exhibition: 'Life is Short, Art long: The Art of Healing in Byzantium', opening between 10 February-26 April 2015 at the Suna and İnan Kiraç Foundation, Pera Museum"--Page facing title page.</subfield>
      </datafield>
      <datafield tag="650" ind1=" " ind2="0">
         <subfield code="a">Medicine in art</subfield>
         <subfield code="v">Exhibitions.</subfield>
      </datafield>
      <datafield tag="650" ind1=" " ind2="0">
         <subfield code="a">Art, Byzantine</subfield>
         <subfield code="v">Exhibitions.</subfield>
      </datafield>
      <datafield tag="650" ind1=" " ind2="0">
         <subfield code="a">Medicine, Medieval</subfield>
         <subfield code="z">Byzantine Empire</subfield>
         <subfield code="v">Exhibitions.</subfield>
      </datafield>
      <datafield tag="650" ind1=" " ind2="0">
         <subfield code="a">Medicine, Ancient</subfield>
         <subfield code="z">Byzantine Empire</subfield>
         <subfield code="v">Exhibitions.</subfield>
      </datafield>
      <datafield tag="650" ind1=" " ind2="0">
         <subfield code="a">Medicine, Medieval</subfield>
         <subfield code="z">Byzantine Empire</subfield>
         <subfield code="x">Religious aspects</subfield>
         <subfield code="v">Exhibitions.</subfield>
      </datafield>
      <datafield tag="650" ind1=" " ind2="0">
         <subfield code="a">Medicine, Ancient</subfield>
         <subfield code="z">Byzantine Empire</subfield>
         <subfield code="x">Religious aspects</subfield>
         <subfield code="v">Exhibitions.</subfield>
      </datafield>
      <datafield tag="650" ind1=" " ind2="0">
         <subfield code="a">Miracles</subfield>
         <subfield code="x">History</subfield>
         <subfield code="v">Exhibitions.</subfield>
      </datafield>
      <datafield tag="650" ind1=" " ind2="2">
         <subfield code="a">Therapeutics</subfield>
         <subfield code="x">history.</subfield>
      </datafield>
      <datafield tag="650" ind1=" " ind2="2">
         <subfield code="a">Faith Healing</subfield>
         <subfield code="x">history.</subfield>
      </datafield>
      <datafield tag="650" ind1=" " ind2="2">
         <subfield code="a">Hydrotherapy</subfield>
         <subfield code="x">history.</subfield>
      </datafield>
      <datafield tag="650" ind1=" " ind2="2">
         <subfield code="a">Diet Therapy</subfield>
         <subfield code="x">history.</subfield>
      </datafield>
      <datafield tag="650" ind1=" " ind2="2">
         <subfield code="a">Phytotherapy</subfield>
         <subfield code="x">history.</subfield>
      </datafield>
      <datafield tag="650" ind1=" " ind2="2">
         <subfield code="a">Materia Medica</subfield>
         <subfield code="x">history.</subfield>
      </datafield>
      <datafield tag="655" ind1=" " ind2="7">
         <subfield code="a">Exhibition catalogues.</subfield>
         <subfield code="2">rbgenr</subfield>
      </datafield>
      <datafield tag="700" ind1="1" ind2=" ">
         <subfield code="a">Pitarakis, Brigitte</subfield>
         <subfield code="e">editor.</subfield>
      </datafield>
      <datafield tag="710" ind1="2" ind2=" ">
         <subfield code="a">Suna ve İnan Kıraç Vakfı</subfield>
         <subfield code="e">host institution.</subfield>
      </datafield>
      <datafield tag="710" ind1="2" ind2=" ">
         <subfield code="a">Pera Müzesi</subfield>
         <subfield code="e">issuing body.</subfield>
      </datafield>
      <datafield tag="730" ind1="0" ind2="2">
         <subfield code="i">Container of (expression):</subfield>
         <subfield code="a">Hayat kısa, sanat uzun.</subfield>
      </datafield>
      <datafield tag="730" ind1="0" ind2="2">
         <subfield code="i">Container of (expression):</subfield>
         <subfield code="a">Hayat kısa, sanat uzun.</subfield>
         <subfield code="l">English.</subfield>
      </datafield>
      <datafield tag="994" ind1=" " ind2=" ">
         <subfield code="a">Z0</subfield>
         <subfield code="b">ZYU</subfield>
      </datafield>
      <datafield tag="OWN" ind1=" " ind2=" ">
         <subfield code="a">GENERAL</subfield>
      </datafield>
      <datafield tag="AVA" ind1=" " ind2=" ">
         <subfield code="a">NYU50</subfield>
         <subfield code="b">NISAW</subfield>
         <subfield code="c">Large Collection</subfield>
         <subfield code="d">N8223 .H39 2015</subfield>
         <subfield code="e">available</subfield>
         <subfield code="t">Available</subfield>
         <subfield code="f">1</subfield>
         <subfield code="g">0</subfield>
         <subfield code="h">N</subfield>
         <subfield code="i">0</subfield>
         <subfield code="j">LARGE</subfield>
         <subfield code="k">0</subfield>
      </datafield>
      <marc:datafield tag="852" ind1=" " ind2=" ">
         <marc:subfield code="b">Institute for the Study of the Ancient World, </marc:subfield>
         <marc:subfield code="c">Large Collection</marc:subfield>
         <marc:subfield code="e">15 East 84th St., </marc:subfield>
         <marc:subfield code="e">New York, NY  10028</marc:subfield>
      </marc:datafield>
   </record>