
  
  
  
  
  
  
  
 
  
  <record xsi:schemaLocation="http://www.loc.gov/MARC21/slim http://www.loc.gov/standards/marcxml/schema/MARC21slim.xsd">
      <leader>00000cam  2200517 i 4500</leader>
      <controlfield tag="FMT">BK</controlfield>
      <controlfield tag="LDR">00000cam  2200517 i 4500</controlfield>
      <controlfield tag="001">004154516</controlfield>
      <controlfield tag="003">OCoLC</controlfield>
      <controlfield tag="005">20150626103904.0</controlfield>
      <controlfield tag="008">150626s2015    gw abe   b    001 0 eng</controlfield>
      <datafield tag="010" ind1=" " ind2=" ">
         <subfield code="a">2015007172</subfield>
      </datafield>
      <datafield tag="020" ind1=" " ind2=" ">
         <subfield code="a">9783110331554 (hardcover : alk. paper)</subfield>
      </datafield>
      <datafield tag="020" ind1=" " ind2=" ">
         <subfield code="a">3110331551 (hardcover : alk. paper)</subfield>
      </datafield>
      <datafield tag="020" ind1=" " ind2=" ">
         <subfield code="z">9783110890018 (epub)</subfield>
      </datafield>
      <datafield tag="020" ind1=" " ind2=" ">
         <subfield code="z">9783110331707 (PDF : online)</subfield>
      </datafield>
      <datafield tag="035" ind1=" " ind2=" ">
         <subfield code="a">(OCoLC)903942081</subfield>
         <subfield code="z">(OCoLC)910742947</subfield>
      </datafield>
      <datafield tag="040" ind1=" " ind2=" ">
         <subfield code="a">DLC</subfield>
         <subfield code="b">eng</subfield>
         <subfield code="e">rda</subfield>
         <subfield code="c">DLC</subfield>
         <subfield code="d">OHX</subfield>
         <subfield code="d">OCLCF</subfield>
         <subfield code="d">CDX</subfield>
         <subfield code="d">COO</subfield>
         <subfield code="d">NDD</subfield>
         <subfield code="d">ZCU</subfield>
         <subfield code="d">STF</subfield>
         <subfield code="d">OCLCO</subfield>
         <subfield code="d">NNU</subfield>
      </datafield>
      <datafield tag="041" ind1="0" ind2=" ">
         <subfield code="a">eng</subfield>
         <subfield code="a">fre</subfield>
      </datafield>
      <datafield tag="042" ind1=" " ind2=" ">
         <subfield code="a">pcc</subfield>
      </datafield>
      <datafield tag="043" ind1=" " ind2=" ">
         <subfield code="a">a-ir---</subfield>
         <subfield code="a">a-af---</subfield>
         <subfield code="a">a-tk---</subfield>
         <subfield code="a">a-uz---</subfield>
         <subfield code="a">ac-----</subfield>
      </datafield>
      <datafield tag="050" ind1="0" ind2="0">
         <subfield code="a">DS324.K47</subfield>
         <subfield code="b">G74 2015</subfield>
      </datafield>
      <datafield tag="072" ind1=" " ind2="7">
         <subfield code="a">DS</subfield>
         <subfield code="2">lcco</subfield>
      </datafield>
      <datafield tag="082" ind1="0" ind2="0">
         <subfield code="a">955/.9</subfield>
         <subfield code="2">23</subfield>
      </datafield>
      <datafield tag="245" ind1="0" ind2="0">
         <subfield code="a">Greater Khorasan :</subfield>
         <subfield code="b">history, geography, archaeology and material culture /</subfield>
         <subfield code="c">edited by Rocco Rante.</subfield>
      </datafield>
      <datafield tag="264" ind1=" " ind2="1">
         <subfield code="a">Berlin :</subfield>
         <subfield code="b">Walter de Gruyter,</subfield>
         <subfield code="c">[2015]</subfield>
      </datafield>
      <datafield tag="264" ind1=" " ind2="4">
         <subfield code="c">©2015</subfield>
      </datafield>
      <datafield tag="300" ind1=" " ind2=" ">
         <subfield code="a">viii, 310 pages :</subfield>
         <subfield code="b">illustrations (some color), maps (some color), plans (some color) ;</subfield>
         <subfield code="c">24 cm.</subfield>
      </datafield>
      <datafield tag="336" ind1=" " ind2=" ">
         <subfield code="a">text</subfield>
         <subfield code="b">txt</subfield>
         <subfield code="2">rdacontent</subfield>
      </datafield>
      <datafield tag="337" ind1=" " ind2=" ">
         <subfield code="a">unmediated</subfield>
         <subfield code="b">n</subfield>
         <subfield code="2">rdamedia</subfield>
      </datafield>
      <datafield tag="338" ind1=" " ind2=" ">
         <subfield code="a">volume</subfield>
         <subfield code="b">nc</subfield>
         <subfield code="2">rdacarrier</subfield>
      </datafield>
      <datafield tag="490" ind1="1" ind2=" ">
         <subfield code="a">Studies in the history and culture of the Middle East,</subfield>
         <subfield code="x">2198-0853 ;</subfield>
         <subfield code="v">volume 29</subfield>
      </datafield>
      <datafield tag="504" ind1=" " ind2=" ">
         <subfield code="a">Includes bibliographical references and index.</subfield>
      </datafield>
      <datafield tag="505" ind1="0" ind2="0">
         <subfield code="t">Pre-Mongol Khurasan. a historical introduction /</subfield>
         <subfield code="r">David Durand-Durand-Guédy --</subfield>
         <subfield code="t">Khorasan proper and greater Khorasan within a politico-cultural framework /</subfield>
         <subfield code="r">Rocco Rante --</subfield>
         <subfield code="t">La crise d'aridité climatique de la fin du 3ème millénaire av. J.-C., à la lumière des contextes géomorphologiques de 3 sites d'Iran Oriental (Bam, Tepe Damghani, Jiroft) /</subfield>
         <subfield code="r">Eric Fouache, Henri-Paul Francfort, Claude Cosandey, Chahryar Adle --</subfield>
         <subfield code="t">From Parthian to Islamic Nisa /</subfield>
         <subfield code="r">Carlo Lippolis and Vito Messina --</subfield>
         <subfield code="t">Merv on Khorasanian trade routes from the 10th-13th centuries /</subfield>
         <subfield code="r">Paul Wordsworth --</subfield>
         <subfield code="t">Ancient Herat Revisited. New Data from Recent Archaeological Fieldwork /</subfield>
         <subfield code="r">Ute Franke --</subfield>
         <subfield code="t">Trois mosquées du début de l'ère islamique au Grand Khorassan : Bastam Noh-gonbadan/Haji-Piyadah de Balkh et Zuzan d'après des investigations archéologiques /</subfield>
         <subfield code="r">Chahryar Adle --</subfield>
         <subfield code="t">Le paysage urbain de Nishapur /</subfield>
         <subfield code="r">Haeedeh Laleh, Abolfazl Mokarramifar, Zahra Lorzadeh --</subfield>
         <subfield code="t">Nouvelles recherches sur la céramique de Nishapur : la prospection du Shahrestan /</subfield>
         <subfield code="r">Annabelle Collinet --</subfield>
         <subfield code="t">Archaeological Material in the Museum Setting: The Metropolitan Museum of Art's Excavations at Nishapur /</subfield>
         <subfield code="r">Marika Sardar --</subfield>
         <subfield code="t">Nishapur Ceramics in the Metropolitan Museum of Art: 70 years of Restoration Techniques /</subfield>
         <subfield code="r">Vicki Parry --</subfield>
         <subfield code="t">Le Grand Khorasan: Datation par des méthodes physico-chimiques (carbone 14 et luminescence) /</subfield>
         <subfield code="r">Antoine Zink, Elisa Porto, Pascale Richardin, Nathalie Gandolfo, Rocco Rante --</subfield>
         <subfield code="g">Index.</subfield>
      </datafield>
      <datafield tag="520" ind1=" " ind2=" ">
         <subfield code="a">"Khorasan, 'Lands of the East', refers to a regional toponym going back to the Sasanian era. In the early Islamic period, the term came to be used for a much larger area, reaching into Central Asia well beyond the Oxus, encompassing large parts of northern Afghanistan, and even extending to southeastern Iran. This volume brings together state-of-the-art researc on the history, geography, archaeology and the material culture of this vast region."--page [4] of cover.</subfield>
      </datafield>
      <datafield tag="546" ind1=" " ind2=" ">
         <subfield code="a">In English and French.</subfield>
      </datafield>
      <datafield tag="651" ind1=" " ind2="0">
         <subfield code="a">Khurāsān (Iran)</subfield>
         <subfield code="x">History.</subfield>
      </datafield>
      <datafield tag="651" ind1=" " ind2="0">
         <subfield code="a">Khurāsān (Iran)</subfield>
         <subfield code="x">Antiquities.</subfield>
      </datafield>
      <datafield tag="651" ind1=" " ind2="0">
         <subfield code="a">Khurāsān (Iran)</subfield>
         <subfield code="x">Historical geography.</subfield>
      </datafield>
      <datafield tag="651" ind1=" " ind2="0">
         <subfield code="a">Asia, Central</subfield>
         <subfield code="x">History.</subfield>
      </datafield>
      <datafield tag="651" ind1=" " ind2="0">
         <subfield code="a">Asia, Central</subfield>
         <subfield code="x">Antiquities.</subfield>
      </datafield>
      <datafield tag="651" ind1=" " ind2="0">
         <subfield code="a">Asia, Central</subfield>
         <subfield code="x">Historical geography.</subfield>
      </datafield>
      <datafield tag="650" ind1=" " ind2="0">
         <subfield code="a">Excavations (Archaeology)</subfield>
         <subfield code="z">Iran</subfield>
         <subfield code="z">Khurāsān.</subfield>
      </datafield>
      <datafield tag="650" ind1=" " ind2="0">
         <subfield code="a">Excavations (Archaeology)</subfield>
         <subfield code="z">Asia, Central.</subfield>
      </datafield>
      <datafield tag="651" ind1=" " ind2="7">
         <subfield code="a">Iran</subfield>
         <subfield code="z">Khurāsān.</subfield>
         <subfield code="2">fast</subfield>
         <subfield code="0">(OCoLC)fst01206477</subfield>
      </datafield>
      <datafield tag="655" ind1=" " ind2="7">
         <subfield code="a">History.</subfield>
         <subfield code="2">fast</subfield>
         <subfield code="0">(OCoLC)fst01411628</subfield>
      </datafield>
      <datafield tag="700" ind1="1" ind2=" ">
         <subfield code="a">Rante, Rocco,</subfield>
         <subfield code="e">editor.</subfield>
      </datafield>
      <datafield tag="776" ind1="0" ind2="8">
         <subfield code="a">Online version:</subfield>
         <subfield code="t">Greater Khorasan : history, geography, archaeology and material culture.</subfield>
         <subfield code="d">Boston : Walter de Gruyter, [2015]</subfield>
         <subfield code="z">9783110331707</subfield>
         <subfield code="w">(OCoLC)909907809</subfield>
         <subfield code="w">(NNU)004154518</subfield>
      </datafield>
      <datafield tag="830" ind1=" " ind2="0">
         <subfield code="a">Studies in the history and culture of the Middle East ;</subfield>
         <subfield code="v">v. 29.</subfield>
         <subfield code="x">2198-0853</subfield>
      </datafield>
      <datafield tag="994" ind1=" " ind2=" ">
         <subfield code="a">Z0</subfield>
         <subfield code="b">ZYU</subfield>
      </datafield>
      <datafield tag="OWN" ind1=" " ind2=" ">
         <subfield code="a">GENERAL</subfield>
      </datafield>
      <datafield tag="AVA" ind1=" " ind2=" ">
         <subfield code="a">NYU50</subfield>
         <subfield code="b">NISAW</subfield>
         <subfield code="c">Small Collection</subfield>
         <subfield code="d">DS324.K47 G74 2015</subfield>
         <subfield code="e">available</subfield>
         <subfield code="t">Available</subfield>
         <subfield code="f">1</subfield>
         <subfield code="g">0</subfield>
         <subfield code="h">N</subfield>
         <subfield code="i">0</subfield>
         <subfield code="j">SMALL</subfield>
         <subfield code="k">0</subfield>
      </datafield>
      <marc:datafield tag="852" ind1=" " ind2=" ">
         <marc:subfield code="b">Institute for the Study of the Ancient World, </marc:subfield>
         <marc:subfield code="c">Small Collection</marc:subfield>
         <marc:subfield code="e">15 East 84th St., </marc:subfield>
         <marc:subfield code="e">New York, NY  10028</marc:subfield>
      </marc:datafield>
   </record>