
  
  
  
  
 
  
  <record xsi:schemaLocation="http://www.loc.gov/MARC21/slim http://www.loc.gov/standards/marcxml/schema/MARC21slim.xsd">
      <leader>00000cam  2200577 i 4500</leader>
      <controlfield tag="FMT">BK</controlfield>
      <controlfield tag="LDR">00000cam  2200577 i 4500</controlfield>
      <controlfield tag="001">004154563</controlfield>
      <controlfield tag="003">OCoLC</controlfield>
      <controlfield tag="005">20150626124850.0</controlfield>
      <controlfield tag="008">141107s2014    cc abf   b    000 0 chi d</controlfield>
      <datafield tag="020" ind1=" " ind2=" ">
         <subfield code="a">9787501040087</subfield>
      </datafield>
      <datafield tag="020" ind1=" " ind2=" ">
         <subfield code="a">7501040087</subfield>
      </datafield>
      <datafield tag="035" ind1=" " ind2=" ">
         <subfield code="a">(OCoLC)887702951</subfield>
         <subfield code="z">(OCoLC)892886064</subfield>
         <subfield code="z">(OCoLC)910100159</subfield>
      </datafield>
      <datafield tag="040" ind1=" " ind2=" ">
         <subfield code="a">BCBTC</subfield>
         <subfield code="b">eng</subfield>
         <subfield code="e">rda</subfield>
         <subfield code="c">BCBTC</subfield>
         <subfield code="d">OCLCO</subfield>
         <subfield code="d">CNPIT</subfield>
         <subfield code="d">OCLCF</subfield>
         <subfield code="d">YUS</subfield>
         <subfield code="d">NLGGC</subfield>
         <subfield code="d">ZYU</subfield>
         <subfield code="d">NNU</subfield>
      </datafield>
      <datafield tag="043" ind1=" " ind2=" ">
         <subfield code="a">a-cc---</subfield>
      </datafield>
      <datafield tag="050" ind1=" " ind2="4">
         <subfield code="a">DS782.5</subfield>
         <subfield code="b">.L425 2014</subfield>
      </datafield>
      <datafield tag="066" ind1=" " ind2=" ">
         <subfield code="c">$1</subfield>
      </datafield>
      <datafield tag="100" ind1="1" ind2=" ">
         <subfield code="6">880-01</subfield>
         <subfield code="a">Li, Gongdu,</subfield>
         <subfield code="d">1938-</subfield>
         <subfield code="e">author.</subfield>
      </datafield>
      <datafield tag="245" ind1="1" ind2="0">
         <subfield code="6">880-02</subfield>
         <subfield code="a">Xun mi yu tan suo :</subfield>
         <subfield code="b">Zhongguo dong bei yuan shi wen hua kao gu lun wen ji /</subfield>
         <subfield code="c">Li Gongdu, Gao Meixuan zhu.</subfield>
      </datafield>
      <datafield tag="246" ind1="3" ind2="0">
         <subfield code="6">880-03</subfield>
         <subfield code="a">Zhongguo dong bei yuan shi wen hua kao gu lun wen ji</subfield>
      </datafield>
      <datafield tag="250" ind1=" " ind2=" ">
         <subfield code="6">880-04</subfield>
         <subfield code="a">Di 1 ban.</subfield>
      </datafield>
      <datafield tag="264" ind1=" " ind2="1">
         <subfield code="6">880-05</subfield>
         <subfield code="a">Beijing Shi :</subfield>
         <subfield code="b">Wen wu chu ban she,</subfield>
         <subfield code="c">2014.</subfield>
      </datafield>
      <datafield tag="300" ind1=" " ind2=" ">
         <subfield code="a">8, 2, 460 pages, 16 unnumbered pages of plates :</subfield>
         <subfield code="b">illustrations (some color), maps ;</subfield>
         <subfield code="c">27 cm</subfield>
      </datafield>
      <datafield tag="336" ind1=" " ind2=" ">
         <subfield code="a">text</subfield>
         <subfield code="2">rdacontent</subfield>
      </datafield>
      <datafield tag="337" ind1=" " ind2=" ">
         <subfield code="a">unmediated</subfield>
         <subfield code="2">rdamedia</subfield>
      </datafield>
      <datafield tag="338" ind1=" " ind2=" ">
         <subfield code="a">volume</subfield>
         <subfield code="2">rdacarrier</subfield>
      </datafield>
      <datafield tag="504" ind1=" " ind2=" ">
         <subfield code="a">Includes bibliographical references.</subfield>
      </datafield>
      <datafield tag="520" ind1=" " ind2=" ">
         <subfield code="6">880-06</subfield>
         <subfield code="a">Ben shu wei Zhongguo Dongbei yuan shi wen hua kao gu lun wen ji, quan shu gong fen wei liu da bu ren: Yangjiawa xin shi qi shi dai yi zhi kao gu fa xian yu yan jiu, Hongshan wen hua, Xiaoheyan wen hua, Xiajiadian xia ceng wen hua, Liaodong Diqu dong xue qing tong wen hua yan jiu, Zhan guo mu zang he Han yi zhi.</subfield>
      </datafield>
      <datafield tag="505" ind1="0" ind2="0">
         <subfield code="6">880-07</subfield>
         <subfield code="g">Di yi bian Yangjiawa xin shi qi shi dai yi zhi kao gu fa xian yu yan jiu.</subfield>
         <subfield code="t">Dui Liaoxi Huludao Shi Yangjiawa yi zhi wen hua xing zhi de chu bu ren shi --</subfield>
         <subfield code="t">Liaoxi Yangjiawa yi zhi fa xian mu qian wo guo bei fang geng zao de xin shi qi shi dai wen ha yi cun --</subfield>
         <subfield code="t">Yi zhong shi dai pian zao de yuan shi wen hua lei xing de fa xian --</subfield>
         <subfield code="g">Di er bian Hongshan wen hua：Zhonghua wen ming de xin shu guang.</subfield>
         <subfield code="t">Liaoning xin shi qi shi dai wen hua gai shu --</subfield>
         <subfield code="t">Shi lun Liaoning Diqu ji ge xin shi qi shi dai wen hua lei xing de guan xi --</subfield>
         <subfield code="t">Liaoning Lingyuan Xian Sanguandianzi Chengzishan yi zhi shi jue bao gao --</subfield>
         <subfield code="t">Liaoning Lingyuan Xian Sanguandianzi Chengzishan Hongshan wen hua yi cun fen qi tan suo --</subfield>
         <subfield code="t">Nei Menggu Aohan Qi Silengshan Hongshan wen hua yao zhi --</subfield>
         <subfield code="t">Hongshan wen hua yu diao yi shu chu xi --</subfield>
         <subfield code="t">Shi lun wo gu bei fang chu tu de yuan hi yu diao tao su yi zhu --</subfield>
         <subfield code="t">Liaoning yuan shi wen hua qu xi hua fen yu lei xing yan jiu --</subfield>
         <subfield code="t">Cong chu tu de gu bing shi ren kan bei fang yuan shi wen hua fa zhan --</subfield>
         <subfield code="t">Hongshan wen hua kao gu xin fa xian ji yan jiu dong tai --</subfield>
         <subfield code="t">Hongshan wen hua de yu diao yi hu yu tu geng chong bai --</subfield>
         <subfield code="t">Fu yu yu wang quan --</subfield>
         <subfield code="t">Hongshan wen hua : bei fang wen ming de xin shu guang --</subfield>
         <subfield code="g">Di san bian Xiaheyan wen hua.</subfield>
         <subfield code="t">Liaoning Aohan Qi Xiaoheyan san zhong yuan shi wen hua de fa xian --</subfield>
         <subfield code="t">Shi lun Xiaoheyan wen hua --</subfield>
         <subfield code="t">Zhaowuda Meng Shipengshan kao gu xian fa xian --</subfield>
         <subfield code="t">Shi lun Liaohe Diqu liang zhong cai tao wen hua de te zhen ji qi guan xi --</subfield>
         <subfield code="t">Xiaoheyan wen hua mu zang yan jiu.</subfield>
      </datafield>
      <datafield tag="505" ind1="0" ind2="0">
         <subfield code="6">880-08</subfield>
         <subfield code="g">Di si bian Xiajiadan xia ceng wen hua.</subfield>
         <subfield code="t">Nei Menggu Chifeng Xian Sifendi Dongshanzui yi zhi shi jue jian bao --</subfield>
         <subfield code="t">Xiajiadian xia ceng wen hua ruo gan wen ti yan jiu --</subfield>
         <subfield code="t">"Fang guo" shi dai de Xiajiadian wen hua --</subfield>
         <subfield code="g">Di wu bian Liao dai di qu qing tong wen hua yan jiu.</subfield>
         <subfield code="t">Liaoning Benxi Xian Miaohoushan dong xue mu di fa jue jian bao --</subfield>
         <subfield code="t">Liaoning dong bu di qu qing tong wen hua chu tan --</subfield>
         <subfield code="t">Taizihe shang you dong xue mu zang tan jiu --</subfield>
         <subfield code="t">Benxi Diqu san zhong yuan shi wen hua de fa xian ji yan jiu --</subfield>
         <subfield code="t">Liaoning di yi bu kao gu zhuan zhu "Machengzi" jian jie：Taizi He shang you dong xue yi chuan --</subfield>
         <subfield code="t">Shi lun Machengzi wen hua --</subfield>
         <subfield code="t">Shi lun Pianbaozi wen hua --</subfield>
         <subfield code="g">Zhan guo mu zang yu Han cheng zhi.</subfield>
         <subfield code="t">Liaoning Lingyuan Xian Wudaohezi Zhan guo mu fa jue jian bao --</subfield>
         <subfield code="t">Liaoning Lingyuan Xian Anzhangzi gu cheng zhi fa jue jian bao --</subfield>
         <subfield code="t">Liaoning Ningcheng Xian Heicheng gu cheng Wang Mang qian fan zuo fang yi zhi de fa xian.</subfield>
      </datafield>
      <datafield tag="650" ind1=" " ind2="0">
         <subfield code="a">Historic sites</subfield>
         <subfield code="z">China</subfield>
         <subfield code="z">Manchuria.</subfield>
      </datafield>
      <datafield tag="651" ind1=" " ind2="0">
         <subfield code="a">Manchuria (China)</subfield>
         <subfield code="x">Antiquities.</subfield>
      </datafield>
      <datafield tag="650" ind1=" " ind2="7">
         <subfield code="a">Antiquities.</subfield>
         <subfield code="2">fast</subfield>
         <subfield code="0">(OCoLC)fst00810745</subfield>
      </datafield>
      <datafield tag="650" ind1=" " ind2="7">
         <subfield code="a">Historic sites.</subfield>
         <subfield code="2">fast</subfield>
         <subfield code="0">(OCoLC)fst00957846</subfield>
      </datafield>
      <datafield tag="651" ind1=" " ind2="7">
         <subfield code="a">China</subfield>
         <subfield code="z">Manchuria.</subfield>
         <subfield code="2">fast</subfield>
         <subfield code="0">(OCoLC)fst01242805</subfield>
      </datafield>
      <datafield tag="700" ind1="1" ind2=" ">
         <subfield code="6">880-09</subfield>
         <subfield code="a">Gao, Meixuan,</subfield>
         <subfield code="e">author.</subfield>
      </datafield>
      <datafield tag="880" ind1="1" ind2=" ">
         <subfield code="6">100-01/</subfield>
         <subfield code="a">李恭笃,</subfield>
         <subfield code="d">1938-</subfield>
         <subfield code="e">author.</subfield>
      </datafield>
      <datafield tag="880" ind1="1" ind2="0">
         <subfield code="6">245-02/</subfield>
         <subfield code="a">寻觅与探索 :</subfield>
         <subfield code="b">中国东北原始文化考古论文集 /</subfield>
         <subfield code="c">李恭笃, 高美璇著.</subfield>
      </datafield>
      <datafield tag="880" ind1="3" ind2="0">
         <subfield code="6">246-03/</subfield>
         <subfield code="a">中国东北原始文化考古论文集</subfield>
      </datafield>
      <datafield tag="880" ind1=" " ind2=" ">
         <subfield code="6">250-04/</subfield>
         <subfield code="a">第1版.</subfield>
      </datafield>
      <datafield tag="880" ind1=" " ind2="1">
         <subfield code="6">264-05/</subfield>
         <subfield code="a">北京市 :</subfield>
         <subfield code="b">文物出版社,</subfield>
         <subfield code="c">2014.</subfield>
      </datafield>
      <datafield tag="880" ind1=" " ind2=" ">
         <subfield code="6">520-06/</subfield>
         <subfield code="a">本书为中国东北原始文化考古论文集, 全书共分为六大部分: 杨家洼新石器时代遗址考古发现与研究、红山文化、小河沿文化、夏家店下层文化、辽东地区洞穴青铜文化研究、战国墓葬与汉遗址.</subfield>
      </datafield>
      <datafield tag="880" ind1="0" ind2="0">
         <subfield code="6">505-07/</subfield>
         <subfield code="g">第一编杨家洼新石器时代遗址考古发现与研究.</subfield>
         <subfield code="t">对辽西葫芦岛市杨家洼遗址文化性质的初步认识 --</subfield>
         <subfield code="t">辽西杨家洼遗址发现目前我国北方更早的新石器时代文化遗存 --</subfield>
         <subfield code="t">一种时代偏早的原始文化类型的发现 --</subfield>
         <subfield code="g">第二编红山文化：中华文明的新曙光.</subfield>
         <subfield code="t">辽宁新石器时代文化概述 --</subfield>
         <subfield code="t">试论辽宁地区几个新石器时代文化类型的关系 --</subfield>
         <subfield code="t">辽宁凌源县三官甸子城子山遗址试掘报告 --</subfield>
         <subfield code="t">辽宁凌源县三官甸子城子山红山文化遗存分期探索 --</subfield>
         <subfield code="t">内蒙古敖汉旗四塄山红山文化窑址 --</subfield>
         <subfield code="t">红山文化玉雕艺术初析 --</subfield>
         <subfield code="t">试论我国北方出土的原始玉雕陶塑艺术 --</subfield>
         <subfield code="t">辽宁原始文化区系划分与类型研究 --</subfield>
         <subfield code="t">从出土的骨柄石刃刀看北方的原始文化发展 --</subfield>
         <subfield code="t">红山文化考古新发现及研究动态 --</subfield>
         <subfield code="t">红山文化的玉雕艺术与图腾崇拜 --</subfield>
         <subfield code="t">斧钺与王权 --</subfield>
         <subfield code="t">红山文化：北方文明的新曙光。</subfield>
         <subfield code="g">第三遍小河沿文化.</subfield>
         <subfield code="t">辽宁敖汉旗小河沿三种原始文化的发现 --</subfield>
         <subfield code="t">试论小河沿文化 --</subfield>
         <subfield code="t">昭乌达盟石棚山考古新发现 --</subfield>
         <subfield code="t">试论辽河地区两种彩陶文化的特征及其关系 --</subfield>
         <subfield code="t">小河沿文化墓葬研究.</subfield>
      </datafield>
      <datafield tag="880" ind1="0" ind2="0">
         <subfield code="6">505-08/</subfield>
         <subfield code="g">第四编夏家店下层文化.</subfield>
         <subfield code="t">内蒙古赤峰县四分地东山嘴遗址试掘简报 --</subfield>
         <subfield code="t">夏家店下层文化若干问题研究 --</subfield>
         <subfield code="t">"方国"时代的夏家店文化 --</subfield>
         <subfield code="g">第五编辽代地区洞穴青铜文化研究.</subfield>
         <subfield code="t">辽宁本溪县庙后山洞穴墓地发掘简报 --</subfield>
         <subfield code="t">辽宁东部地区青铜文化初探 --</subfield>
         <subfield code="t">太子河上游洞穴墓葬探究 --</subfield>
         <subfield code="t">本溪地区三种原始文化的发现及研究 --</subfield>
         <subfield code="t">辽宁第一部考古专著《马城子》简介：太子河上游洞穴遗存 --</subfield>
         <subfield code="t">试论马城子文化 --</subfield>
         <subfield code="t">试论偏堡子文化 --</subfield>
         <subfield code="g">战国墓葬与汉城址.</subfield>
         <subfield code="t">辽宁凌源县五道河子战国墓发掘简报 --</subfield>
         <subfield code="t">辽宁凌源县安杖子古城址发掘简报 --</subfield>
         <subfield code="t">辽宁宁城县黑城古城王莽钱范作坊遗址的发现</subfield>
      </datafield>
      <datafield tag="880" ind1="1" ind2=" ">
         <subfield code="6">700-09/</subfield>
         <subfield code="a">高美璇,</subfield>
         <subfield code="e">author.</subfield>
      </datafield>
      <datafield tag="994" ind1=" " ind2=" ">
         <subfield code="a">Z0</subfield>
         <subfield code="b">ZYU</subfield>
      </datafield>
      <datafield tag="OWN" ind1=" " ind2=" ">
         <subfield code="a">GENERAL</subfield>
      </datafield>
      <datafield tag="AVA" ind1=" " ind2=" ">
         <subfield code="a">NYU50</subfield>
         <subfield code="b">NISAW</subfield>
         <subfield code="c">Small Collection</subfield>
         <subfield code="d">DS782.5 .L425 2014</subfield>
         <subfield code="e">available</subfield>
         <subfield code="t">Available</subfield>
         <subfield code="f">1</subfield>
         <subfield code="g">0</subfield>
         <subfield code="h">N</subfield>
         <subfield code="i">0</subfield>
         <subfield code="j">SMALL</subfield>
         <subfield code="k">0</subfield>
      </datafield>
      <marc:datafield tag="852" ind1=" " ind2=" ">
         <marc:subfield code="b">Institute for the Study of the Ancient World, </marc:subfield>
         <marc:subfield code="c">Small Collection</marc:subfield>
         <marc:subfield code="e">15 East 84th St., </marc:subfield>
         <marc:subfield code="e">New York, NY  10028</marc:subfield>
      </marc:datafield>
   </record>