
  
  
  
  
  
 
  
  <record xsi:schemaLocation="http://www.loc.gov/MARC21/slim http://www.loc.gov/standards/marcxml/schema/MARC21slim.xsd">
      <leader>00000cam  2200433   4500</leader>
      <controlfield tag="FMT">BK</controlfield>
      <controlfield tag="LDR">00000cam  2200433   4500</controlfield>
      <controlfield tag="001">002043445</controlfield>
      <controlfield tag="003">OCoLC</controlfield>
      <controlfield tag="005">20150413130656.0</controlfield>
      <controlfield tag="008">721204s1896    enk           000 0 eng d</controlfield>
      <datafield tag="010" ind1=" " ind2=" ">
         <subfield code="a">01017757</subfield>
      </datafield>
      <datafield tag="035" ind1=" " ind2=" ">
         <subfield code="a">(OCoLC)506148</subfield>
         <subfield code="z">(OCoLC)58978299</subfield>
         <subfield code="z">(OCoLC)213722805</subfield>
      </datafield>
      <datafield tag="040" ind1=" " ind2=" ">
         <subfield code="a">AKR</subfield>
         <subfield code="b">eng</subfield>
         <subfield code="c">AKR</subfield>
         <subfield code="d">KRTAS</subfield>
         <subfield code="d">CUT</subfield>
         <subfield code="d">AUW</subfield>
         <subfield code="d">OCLCQ</subfield>
         <subfield code="d">OCLCF</subfield>
         <subfield code="d">NNU</subfield>
      </datafield>
      <datafield tag="041" ind1="0" ind2=" ">
         <subfield code="a">enk</subfield>
         <subfield code="a">akk</subfield>
         <subfield code="a">sux</subfield>
      </datafield>
      <datafield tag="043" ind1=" " ind2=" ">
         <subfield code="a">a-iq---</subfield>
      </datafield>
      <datafield tag="050" ind1=" " ind2="4">
         <subfield code="a">PJ3711</subfield>
         <subfield code="b">.B7 1896</subfield>
      </datafield>
      <datafield tag="110" ind1="2" ind2=" ">
         <subfield code="a">British Museum.</subfield>
         <subfield code="b">Department of Egyptian and Assyrian Antiquities.</subfield>
      </datafield>
      <datafield tag="245" ind1="1" ind2="0">
         <subfield code="a">Cuneiform texts from Babylonian tablets, &amp;c., in the British Museum.</subfield>
      </datafield>
      <datafield tag="246" ind1="1" ind2="3">
         <subfield code="a">Cuneiform texts from Babylonian tablets in the British Museum,</subfield>
         <subfield code="f">1959-</subfield>
      </datafield>
      <datafield tag="260" ind1=" " ind2=" ">
         <subfield code="a">London :</subfield>
         <subfield code="b">The Trustees,</subfield>
         <subfield code="c">1896-</subfield>
      </datafield>
      <datafield tag="300" ind1=" " ind2=" ">
         <subfield code="a">&lt;58&gt; parts :</subfield>
         <subfield code="b">illustrations, plates, facsimiles ;</subfield>
         <subfield code="c">35 cm.</subfield>
      </datafield>
      <datafield tag="336" ind1=" " ind2=" ">
         <subfield code="a">text</subfield>
         <subfield code="b">txt</subfield>
         <subfield code="2">rdacontent</subfield>
      </datafield>
      <datafield tag="336" ind1=" " ind2=" ">
         <subfield code="a">still image</subfield>
         <subfield code="b">sti</subfield>
         <subfield code="2">rdacontent</subfield>
      </datafield>
      <datafield tag="337" ind1=" " ind2=" ">
         <subfield code="a">unmediated</subfield>
         <subfield code="b">n</subfield>
         <subfield code="2">rdamedia</subfield>
      </datafield>
      <datafield tag="338" ind1=" " ind2=" ">
         <subfield code="a">volume</subfield>
         <subfield code="b">nc</subfield>
         <subfield code="2">rdacarrier</subfield>
      </datafield>
      <datafield tag="500" ind1=" " ind2=" ">
         <subfield code="a">Each part, as a rule, consists of 50 plates.</subfield>
      </datafield>
      <datafield tag="500" ind1=" " ind2=" ">
         <subfield code="a">Volumes published before 1959 were issued by the Museum's Department of Egyptian and Assyrian Antiquities.</subfield>
      </datafield>
      <datafield tag="500" ind1=" " ind2=" ">
         <subfield code="a">Some vols. have individual editor, or title.</subfield>
      </datafield>
      <datafield tag="500" ind1=" " ind2=" ">
         <subfield code="a">Publisher varies: 1990- , British Museum Publications.</subfield>
      </datafield>
      <datafield tag="500" ind1=" " ind2=" ">
         <subfield code="a">Accompanied by: Index to parts I-L, by C.B.F. Walker. London, The Trustees, cl974.</subfield>
      </datafield>
      <datafield tag="500" ind1=" " ind2=" ">
         <subfield code="a">Volumes issued from 1896-1931 were reissued beginning in 1959.</subfield>
      </datafield>
      <datafield tag="504" ind1=" " ind2=" ">
         <subfield code="a">Includes bibliographical references and indexes.</subfield>
      </datafield>
      <datafield tag="505" ind1="2" ind2="0">
         <subfield code="g">pt. 40 /</subfield>
         <subfield code="r">Gadd, C.J. --</subfield>
         <subfield code="g">pt. 41 /</subfield>
         <subfield code="r">Gadd, C.J. --</subfield>
         <subfield code="g">pt. 42 /</subfield>
         <subfield code="r">Figulla, H.H. --</subfield>
         <subfield code="g">pt. 43.</subfield>
         <subfield code="t">Old-Babylonian letters /</subfield>
         <subfield code="r">Figulla, H. H. --</subfield>
         <subfield code="g">pt. 44.</subfield>
         <subfield code="t">Miscellaneous texts /</subfield>
         <subfield code="r">Pinches, Theophilus G. --</subfield>
         <subfield code="g">pt. 45.</subfield>
         <subfield code="t">Old-Babylonian business documents /</subfield>
         <subfield code="r">Pinches, Theophilus G. --</subfield>
         <subfield code="g">pt. 46.</subfield>
         <subfield code="t">Babylonian literary texts /</subfield>
         <subfield code="r">Labert, W. G. ;</subfield>
         <subfield code="r">Millard, A. R. --</subfield>
         <subfield code="g">pt. 47.</subfield>
         <subfield code="t">Old-Babylonian Nadītu records /</subfield>
         <subfield code="r">Figulla, H. H. --</subfield>
         <subfield code="g">pt. 48.</subfield>
         <subfield code="t">Old-Babylonian legal documents /</subfield>
         <subfield code="r">Finkelstein, J.J. --</subfield>
         <subfield code="g">pt. 49.</subfield>
         <subfield code="t">Late-Babylonian economic texts /</subfield>
         <subfield code="r">Kennedy, D. A. --</subfield>
         <subfield code="g">pt. 50.</subfield>
         <subfield code="t">Pre-Sargonic and Sargonic economic texts /</subfield>
         <subfield code="r">Sollberger, Edmond --</subfield>
         <subfield code="g">pt. 51.</subfield>
         <subfield code="r">Miscellaneous texts /</subfield>
         <subfield code="r">Walker, C.B.F. --</subfield>
         <subfield code="g">pt. 52.</subfield>
         <subfield code="t">Old Babylonian letters /</subfield>
         <subfield code="r">Walker, C.B.F. --</subfield>
         <subfield code="g">pt. 53.</subfield>
         <subfield code="t">Neo-Assyrian letters from the Kuyunjik collection /</subfield>
         <subfield code="r">Parpola, S. --</subfield>
         <subfield code="g">pt. 54.</subfield>
         <subfield code="t">Neo-Babylonian letters from the Kuyunjik collection /</subfield>
         <subfield code="r">Dietrich, M. --</subfield>
         <subfield code="g">pts. 55-57.</subfield>
         <subfield code="t">Neo-Babylonian and Achaemenid economic texts /</subfield>
         <subfield code="r">Pinches, T.G. --</subfield>
         <subfield code="g">pt. 58.</subfield>
         <subfield code="t">Sumerian literary texts /</subfield>
         <subfield code="r">Alster, Bendt --</subfield>
         <subfield code="r">Geller, Markham J. --</subfield>
         <subfield code="g">pt. 62.</subfield>
         <subfield code="t">Old Babylonian letters /</subfield>
         <subfield code="r">Walker, C.B.F. --</subfield>
         <subfield code="g">Index to parts I-L /</subfield>
         <subfield code="r">Walker, C.B.F.</subfield>
      </datafield>
      <datafield tag="546" ind1=" " ind2=" ">
         <subfield code="a">Texts in Akkadian or Sumerian, introductory material and notes in English.</subfield>
      </datafield>
      <datafield tag="500" ind1=" " ind2=" ">
         <subfield code="a">ISAW copy of some volumes (pt. 11-14, 18-33, 43-47, 49-52) from the Library of Hayim and Miriam Tadmor.</subfield>
         <subfield code="5">NNU</subfield>
      </datafield>
      <datafield tag="650" ind1=" " ind2="0">
         <subfield code="a">Cuneiform inscriptions.</subfield>
      </datafield>
      <datafield tag="651" ind1=" " ind2="0">
         <subfield code="a">Iraq</subfield>
         <subfield code="x">Antiquities.</subfield>
      </datafield>
      <datafield tag="650" ind1=" " ind2="0">
         <subfield code="a">Akkadian language</subfield>
         <subfield code="v">Texts.</subfield>
      </datafield>
      <datafield tag="650" ind1=" " ind2="7">
         <subfield code="a">Akkadian language.</subfield>
         <subfield code="2">fast</subfield>
         <subfield code="0">(OCoLC)fst00803982</subfield>
      </datafield>
      <datafield tag="655" ind1=" " ind2="7">
         <subfield code="a">Texts.</subfield>
         <subfield code="2">fast</subfield>
         <subfield code="0">(OCoLC)fst01423705</subfield>
      </datafield>
      <datafield tag="776" ind1="0" ind2="8">
         <subfield code="i">Online version:</subfield>
         <subfield code="a">British Museum. Department of Egyptian and Assyrian Antiquities.</subfield>
         <subfield code="t">Cuneiform texts from Babylonian tablets, &amp;c., in the British Museum.</subfield>
         <subfield code="d">London, The Trustees, 1896-19</subfield>
         <subfield code="w">(OCoLC)816116374</subfield>
      </datafield>
      <datafield tag="796" ind1="1" ind2=" ">
         <subfield code="a">Tadmor, Hayim,</subfield>
         <subfield code="e">former owner.</subfield>
      </datafield>
      <datafield tag="796" ind1="1" ind2=" ">
         <subfield code="a">Tadmor, Miriam,</subfield>
         <subfield code="e">former owner.</subfield>
      </datafield>
      <datafield tag="797" ind1="2" ind2=" ">
         <subfield code="a">Tadmor Collection.</subfield>
      </datafield>
      <datafield tag="OWN" ind1=" " ind2=" ">
         <subfield code="a">GENERAL</subfield>
      </datafield>
      <datafield tag="950" ind1=" " ind2=" ">
         <subfield code="l">BMAIN</subfield>
         <subfield code="a">PJ3711</subfield>
         <subfield code="b">.B7</subfield>
         <subfield code="d">versize\</subfield>
         <subfield code="n">455:slnanalyzed\</subfield>
         <subfield code="i">11/19/92 C</subfield>
      </datafield>
      <datafield tag="955" ind1=" " ind2=" ">
         <subfield code="l">BMAIN</subfield>
         <subfield code="c">1:pt.58</subfield>
         <subfield code="r">016959465</subfield>
         <subfield code="i">11/19/92 C</subfield>
      </datafield>
      <datafield tag="955" ind1=" " ind2=" ">
         <subfield code="l">BMAIN</subfield>
         <subfield code="c">1:pt.27</subfield>
         <subfield code="q">91-B58873-1</subfield>
         <subfield code="r">016959473</subfield>
         <subfield code="i">11/19/92 C</subfield>
      </datafield>
      <datafield tag="998" ind1=" " ind2=" ">
         <subfield code="a">11/19/92</subfield>
         <subfield code="t">b</subfield>
         <subfield code="s">9114</subfield>
         <subfield code="n">NNU</subfield>
         <subfield code="w">UKBPGB9042955B</subfield>
         <subfield code="d">10/21/91</subfield>
         <subfield code="b">JR</subfield>
         <subfield code="i">921119</subfield>
         <subfield code="l">NYUG</subfield>
      </datafield>
      <datafield tag="AVA" ind1=" " ind2=" ">
         <subfield code="a">NYU50</subfield>
         <subfield code="b">BOBST</subfield>
         <subfield code="c">Main Collection</subfield>
         <subfield code="d">PJ3711 .B7 Oversize</subfield>
         <subfield code="e">available</subfield>
         <subfield code="t">Available</subfield>
         <subfield code="f">19</subfield>
         <subfield code="g">0</subfield>
         <subfield code="h">Y</subfield>
         <subfield code="i">2</subfield>
         <subfield code="j">MAIN</subfield>
         <subfield code="k">0</subfield>
      </datafield>
      <datafield tag="AVA" ind1=" " ind2=" ">
         <subfield code="a">NYU50</subfield>
         <subfield code="b">NISAW</subfield>
         <subfield code="c">Oversize Collection</subfield>
         <subfield code="d">PJ3711 .B7 1896</subfield>
         <subfield code="e">available</subfield>
         <subfield code="t">Available</subfield>
         <subfield code="f">60</subfield>
         <subfield code="g">0</subfield>
         <subfield code="h">Y</subfield>
         <subfield code="i">0</subfield>
         <subfield code="j">OVERZ</subfield>
         <subfield code="k">0</subfield>
      </datafield>
      <marc:datafield tag="852" ind1=" " ind2=" ">
         <marc:subfield code="b">Institute for the Study of the Ancient World, </marc:subfield>
         <marc:subfield code="c">Oversize Collection</marc:subfield>
         <marc:subfield code="e">15 East 84th St., </marc:subfield>
         <marc:subfield code="e">New York, NY  10028</marc:subfield>
      </marc:datafield>
   </record>